
@thesis{evert_statistics_2004,
	author = {Evert, Stefan},
	institution = {Stuttgart},
	shorttitle = {The Statistics of Word Co-occurrences. Word Pairs and Collocations},
	title = {The Statistics of Word Co-occurrences. {{{W}}}ord Pairs and Collocations},
	type = {phdthesis},
	year = {2004}
}

@thesis{delaere_translations_2015,
	author = {Delaere, Isabelle},
	file = {PhD_Isabelle_Delaere_2015.pdf:C\:\\Users\\lmavdvoo\\AppData\\Roaming\\Zotero\\Zotero\\Profiles\\wa1qjn8x.default\\zotero\\storage\\ZVAP5EZ9\\PhD_Isabelle_Delaere_2015.pdf:application/pdf},
	institution = {Ghent University},
	shorttitle = {Do Translations Walk the Line? Visually Exploring Translated and Non-Translated Texts In Search of Norm Conformity. Proefschrift voorgelegd tot het behalen van de graad van doctor in de vertaalwetenschap.},
	title = {Do Translations Walk the Line? {{{V}}}isually Exploring Translated and Non-Translated Texts In Search of Norm Conformity. {{{P}}}roefschrift voorgelegd tot het behalen van de graad van doctor in de vertaalwetenschap.},
	type = {phdthesis},
	year = {2015}
}

@thesis{christoffels_cognitive_2004,
	author = {Christoffels, Ingrid K.},
	institution = {University of Amsterdam},
	shorttitle = {Cognitive studies in simultaneous interpreting},
	title = {Cognitive studies in simultaneous interpreting},
	type = {phdthesis},
	year = {2004}
}

@report{university_user_2013,
	address = {Amsterdam},
	author = {Maks, Isa and van der Vliet, Hennie and Görög, Attila and Vossen, Piek},
	editorb = {University, {VU}},
	editorbtype = {redactor},
	title = {User Documentation of Cornetto {{LMF}}. {{{L}}}exical Resource for {Dutch}},
	year = {2013}
}

@online{hiligsmann_learner_2015,
	author = {Hiligsmann, Philippe},
	shorttitle = {Learner corpora around the world},
	title = {Learner corpora around the world},
	url = {https://www.uclouvain.be/en-cecl-lcworld.html},
	urlyear = {2015-08-10},
	year = {2015-06-23}
}

@misc{reifler_translation._1949,
	author = {Weaver, Warren},
	booktitle = {Translation. {{{M}}}imeographed},
	editor = {Reifler, Erwin and Locke, William N.},
	publisher = {The Technology Press of the Massachusetts Institute of Technology, John Wiley Chapman \& Hall},
	shorttitle = {Translation. Mimeographed},
	title = {Translation. {{{M}}}imeographed},
	year = {1949}
}

@misc{plevoets_svs:_2015,
	author = {Plevoets, Koen},
	shorttitle = {svs: {T}ools for Semantic Vector Spaces},
	title = {svs: {{{T}}}ools for Semantic Vector Spaces},
	year = {2015}
}

@inreference{baker_equivalence_1998,
	address = {London \& New York},
	author = {Kenny, Dorothy},
	booktitle = {{Routledge} Encyclopedia of Translation Studies},
	editor = {Baker, Mona and Malmkjaer, Kirsten},
	pages = {77--80},
	publisher = {Routledge},
	shorttitle = {Equivalence},
	title = {Equivalence},
	year = {1998}
}

@inproceedings{vossen_cornetto_2008,
	author = {Vossen, Piek and Maks, Isa and Segers, Roxane and van der Vliet, Hennie and van Zutphen, H},
	eventtitle = {Fourth International {GlobalWordNet} Conference},
	shorttitle = {The cornetto database: {A}rchitecture and alignment issues of combining lexical units, synsets and an ontology},
	title = {The cornetto database: {{{A}}}rchitecture and alignment issues of combining lexical units, synsets and an ontology},
	year = {2008}
}

@inproceedings{paradis_bilingual_1978,
	author = {Paradis, Michel},
	eventtitle = {Annual Meetig of the Linguistic Society of America},
	title = {Bilingual linguistics memory. {{{N}}}eurolinguistic considerations},
	year = {1978}
}

@inproceedings{langemets_translations_2005,
	author = {Dyvik, Helge},
	booktitle = {Translations as a semantic knowledge source},
	editor = {Langemets, Margit and Penjam, Priit},
	eventtitle = {The second Baltic conference on human language technologies. Proceedings},
	pages = {27--38},
	publisher = {Institute of Cybernetics (Tallinn University of Technology), Institute of the Estonian Language},
	title = {Translations as a semantic knowledge source},
	year = {2005-04-04}
}

@inproceedings{ide_automatic_2001,
	author = {Ide, Nancy and Erjavec, Tomaz and Tufis, Dan},
	eventtitle = {6th {NLPRS} 2001},
	file = {Ide et al 2001 automatic sense tagging using parallel corpora.pdf:C\:\\Users\\lmavdvoo\\AppData\\Roaming\\Zotero\\Zotero\\Profiles\\wa1qjn8x.default\\zotero\\storage\\33WXBK35\\Ide et al 2001 automatic sense tagging using parallel corpora.pdf:application/pdf},
	shorttitle = {Automatic Sense Tagging Using Parallel Corpora},
	title = {Automatic Sense Tagging Using Parallel Corpora},
	year = {2001}
}

@inproceedings{heylen_looking_2012,
	author = {Heylen, Kris and Speelman, Dirk and Geeraerts, Dirk},
	eventtitle = {Proceedings of {EACL} 2012 Joint Workshop of {LINGVIS} \& {UNCLH}},
	pages = {16--26},
	publisher = {Association for Computational Linguistics},
	title = {Looking at word meaning: {{{A}}}n interactive visualization of semantic vector spaces for {Dutch} synsets},
	year = {2012-04-23}
}

@inproceedings{ganter_conceptual_2005,
	author = {Priss, Uta and Old, L. John},
	booktitle = {Conceptual Exploration of Semantic Mirrors},
	doi = {10.1007/978-3-540-32262-7_2},
	editor = {Ganter, Bernhard and Godin, Robert},
	eventtitle = {Third International Conference on Formal Concept Analysis},
	pages = {21--32},
	publisher = {Springer-Verlag},
	shorttitle = {Conceptual Exploration of Semantic Mirrors},
	title = {Conceptual Exploration of Semantic Mirrors},
	year = {2005}
}

@inproceedings{de_sutter_inevitability_2013,
	author = {De Sutter, Gert},
	eventtitle = {Empirical research into translation and contrastive linguistics : {O}bjectives, methodologies, types of data},
	title = {On the inevitability of multivariate statistics in corpus-based translation studies: {{{S}}}ome whys and hows},
	year = {2013-02-08}
}

@inproceedings{dagan_two_1991,
	author = {Dagan, Ido and Itai, Alon and Schwall, Ulrike},
	eventtitle = {Proceedings of the 29th annual meeting of the Association for Computational Linguistics},
	pages = {130--137},
	title = {Two languages are more informative than one},
	year = {1991}
}

@inproceedings{aijmer_translations_2004,
	address = {Amsterdam \& New York},
	author = {Dyvik, Helge},
	booktitle = {Translations as semantic mirrors. {{{F}}}rom parallel corpus to wordnet},
	editor = {Aijmer, Karin and Altenberg, Bengt},
	eventtitle = {Language and Computers, Advances in Corpus Linguistics. Papers from the 23rd International Conference on English Language Research on Computerized Corpora ({ICAME} 23).},
	pages = {311--326},
	publisher = {Rodopi},
	title = {Translations as semantic mirrors. {{{F}}}rom parallel corpus to wordnet},
	year = {2004}
}

@inproceedings{aijmer_translations_1996,
	author = {Gellerstam, Martin},
	booktitle = {Translations as a source for cross-linguistic studies},
	editor = {Aijmer, Karin and Altenberg, Bengt and Johansson, Mats},
	eventtitle = {Languages in Contrast. Papers from a Symposium on Text-based Contrastive Studies},
	pages = {53--62},
	publisher = {Lund University Press},
	title = {Translations as a source for cross-linguistic studies},
	volume = {88},
	year = {1996}
}

@incollection{zettersten_introspection_1996,
	address = {Tübingen},
	author = {Schmid, Hans-Jörg},
	booktitle = {{Proceedings of the Seventh Symposium on Lexicography}},
	editor = {Zettersten, Arne and Hjornager Pedersen, Viggo},
	pages = {223--239},
	publisher = {Max Niemeyer Verlag},
	shorttitle = {Introspection and Computer Corpora. The Meaning and Complementation of start and begin},
	sortname = {Schmid, Hans-Jorg},
	title = {Introspection and Computer Corpora. {{T}}he Meaning and Complementation of start and begin},
	year = {1996}
}

@incollection{xiao_web_2010,
	address = {Newcastle upon Tyne},
	author = {Ferraresi, Adriano and Bernardini, Sylvia and Picci, Giovanni and Baroni, Marco},
	booktitle = {Using Corpora in Contrastive and Translation Studies},
	editor = {Xiao, Richard},
	file = {Ferraresi et al bilingual web corpora frwac.pdf:C\:\\Users\\lmavdvoo\\AppData\\Roaming\\Zotero\\Zotero\\Profiles\\wa1qjn8x.default\\zotero\\storage\\97ATGJ77\\Ferraresi et al bilingual web corpora frwac.pdf:application/pdf},
	pages = {337--359},
	publisher = {Cambridge Scholars Publishing},
	shorttitle = {Web Corpora for Bilingual Lexicography: {A} Pilot Study of English/French Collocation Extraction and Translation},
	title = {Web Corpora for Bilingual Lexicography: {{{A}}} Pilot Study of {English}/{French} Collocation Extraction and Translation},
	year = {2010}
}

@incollection{wollin_translationese_1986,
	address = {Lund},
	author = {Gellerstam, Martin},
	booktitle = {{Translation studies in {Scandinavia}. {{{P}}}oceedings from the {Scandinavia}n Symposium on Translation Theory ({{SSOTT}}) {{II}}}},
	editor = {Wollin, Lars and Lindquist, Hans},
	pages = {88--95},
	publisher = {{CWK} Gleerup},
	series = {Lund Studies in English},
	shorttitle = {Translationese in Swedish novels translated from English},
	title = {Translationese in {Swedish} novels translated from {English}},
	volume = {75},
	year = {1986}
}

@incollection{weaver_translation_1955,
	address = {Cambridge, {MA}},
	author = {Weaver, Warren},
	booktitle = {{Machine} Translation of Languages: {{{F}}}ourteen Essays},
	editor = {Locke, William N. and Booth, A. Donald},
	pages = {\biberror{no pages}},
	publisher = {{MIT} Press},
	shorttitle = {Translation},
	title = {Translation},
	year = {1955}
}

@incollection{vogeleer_linchoatif:_1999,
	address = {Amsterdam \& Atlanta},
	author = {Marque-Pucheu, Christiane. 1999},
	booktitle = {{La} modalité sous tous ses aspects},
	editor = {Vogeleer, Svetlana},
	number = {Cahiers Chronos},
	pages = {233--257},
	publisher = {Rodopi},
	shorttitle = {L’inchoatif: {M}arqueurs formelles et lexicales et interprétation logique},
	sortname = {Marque-Pucheu, Christiane. 1999},
	title = {L’inchoatif: {{{M}}}arqueurs formelles et lexicales et interprétation logique},
	volume = {4},
	year = {1999}
}

@incollection{vandevoorde_distributional_2016,
	author = {Vandevoorde, Lore and De Baets, Pauline and Lefever, Els and Plevoets, Koen and De Sutter, Gert},
	booktitle = {{Proceedings of the 6th Conference on Quantitative Investigations in Theoretical Linguistics}},
	pages = {\biberror{no pages}},
	shorttitle = {Distributional and translational solutions to the visualization of semantic differences between translated and non-translated Dutch},
	title = {Distributional and translational solutions to the visualization of semantic differences between translated and non-translated {Dutch}},
	year = {2016}
}

@incollection{thelen_translation_2002,
	address = {Maastricht},
	author = {Lewandowska-Tomasczyk, Barbara},
	booktitle = {Translation and Meaning, Part 6},
	editor = {Thelen, Marcel and Lewandowska-Tomasczyk, Barbara},
	pages = {\biberror{no pages}},
	publisher = {Hogeschool Zuyd},
	shorttitle = {Translation Studies in the year 2000: {T}he state of the art. Cover text, cognition and corpora},
	title = {Translation Studies in the year 2000: {{{T}}}he state of the art. {{{C}}}over text, cognition and corpora},
	year = {2002}
}

@incollection{thelen_semantic_2008,
	address = {Maastricht},
	author = {Oster, Ulrike and van Lawick, Heike},
	booktitle = {Translation and Meaning, Part 8},
	editor = {Thelen, Marcel and Lewandowska-Tomaszczyk, Barbara},
	pages = {\biberror{no pages}},
	publisher = {Hogeschool Zuyd},
	shorttitle = {Semantic preference and semantic prosody: {A} corpus-based analysis of translation-relevant aspects of the meaning of phraseological units},
	title = {Semantic preference and semantic prosody: {{{A}}} corpus-based analysis of translation-relevant aspects of the meaning of phraseological units},
	year = {2008}
}

@incollection{thelen_norwegian-english_1996,
	address = {Maastricht},
	author = {Halverson, Sandra},
	booktitle = {Translation and Meaning, Part 3},
	editor = {Thelen, Marcel and Lewandowska-Tomasczyk, Barbara},
	pages = {\biberror{no pages}},
	publisher = {Hogeschool Maastricht},
	shorttitle = {Norwegian-English translation and the role of certain connectors},
	title = {{Norwegian}-{English} translation and the role of certain connectors},
	year = {1996}
}

@incollection{thelen_equivalence_1997,
	address = {Maastricht},
	author = {Bednarczyk, Anna},
	booktitle = {Translation and Meaning, Part 4},
	editor = {Thelen, Marcel and Lewandowska-Tomasczyk, Barbara},
	pages = {\biberror{no pages}},
	publisher = {Hogeschool Maastricht},
	shorttitle = {Equivalence of translation and the associative unit of translation},
	title = {Equivalence of translation and the associative unit of translation},
	year = {1997}
}

@incollection{thelen_corpus-based_2007,
	address = {Maastricht},
	author = {Lan, Li and Bilbow, Grahame},
	booktitle = {Translation and Meaning, Part 7},
	editor = {Thelen, Marcel and Lewandowska-Tomasczyk, Barbara},
	pages = {\biberror{no pages}},
	publisher = {Hogeschool Maastricht},
	shorttitle = {A corpus-based investigation on bi-directional business translation},
	title = {A corpus-based investigation on bi-directional business translation},
	year = {2007}
}

@incollection{thelen_comparable_1996,
	address = {\biberror{no address}},
	author = {Laviosa-Braithwaite, Sara},
	booktitle = {Translation and Meaning, Part 3. {{{P}}}roceedings of the Maastricht Session of the 2nd International Maastricht-Łódź Duo Colloquium on “Translation and Meaning"},
	editor = {Thelen, Marcel and Lewandowska-Tomaszczyk, Barbara},
	pages = {\biberror{no pages}},
	publisher = {\biberror{no publisher}},
	shorttitle = {Comparable Corpora. Towards a Corpus Linguistic Methodology for the Empirical Study of Translation},
	title = {Comparable Corpora. {{{T}}}owards a Corpus Linguistic Methodology for the Empirical Study of Translation},
	year = {1996}
}

@incollection{szmrecsanyi_weakly_2014,
	address = {Berlin \& Boston},
	author = {Diwersy, Sascha and Evert, Stefan and Neumann, Stella},
	booktitle = {Aggregating Dialectology, Typology, and Register Analysis. {{{L}}}inguistic Variation in Text and Speech},
	editor = {Szmrecsanyi, Benedikt and Wälchli, Bernhard},
	editorb = {Litterae, Linguae et},
	editorbtype = {redactor},
	file = {Diwersy e.a. - 2014 - A weakly supervised multivariate approach to the s.pdf:C\:\\Users\\lmavdvoo\\AppData\\Roaming\\Zotero\\Zotero\\Profiles\\wa1qjn8x.default\\zotero\\storage\\NGZI7MR3\\Diwersy e.a. - 2014 - A weakly supervised multivariate approach to the s.pdf:application/pdf;Diwersy e.a. - 2014 - A weakly supervised multivariate approach to the s.pdf:C\:\\Users\\lmavdvoo\\AppData\\Roaming\\Zotero\\Zotero\\Profiles\\wa1qjn8x.default\\zotero\\storage\\U2SVAJP6\\Diwersy e.a. - 2014 - A weakly supervised multivariate approach to the s.pdf:application/pdf},
	pages = {174--204},
	publisher = {De Gruyter},
	shorttitle = {A weakly supervised multivariate approach to the study of language variation},
	title = {A weakly supervised multivariate approach to the study of language variation},
	year = {2014}
}

@incollection{szmrecsanyi_semantic_2014,
	address = {Berlin \& Boston},
	author = {Ruette, Tom and Geeraerts, Dirk and Peirsman, Yves and Speelman, Dirk},
	booktitle = {Aggregating Dialectology, Typology, and Register Analysis. {{{L}}}inguistic Variation in Text and Speech},
	editor = {Szmrecsanyi, Benedikt and Wälchli, Bernhard},
	pages = {205--230},
	publisher = {De Gruyter},
	shorttitle = {Semantic weighting mechanisms in scalable lexical sociolectometry},
	title = {Semantic weighting mechanisms in scalable lexical sociolectometry},
	year = {2014}
}

@incollection{steinberg_empirical_1971,
	address = {London \& New York},
	author = {Miller, George a.},
	booktitle = {Semantics: {{{A}}}n interdisciplinary Reader},
	editor = {Steinberg, Danny and Jakobovits, Leon},
	pages = {569--585},
	publisher = {Cambridge University Press},
	shorttitle = {Empirical methods in the study of semantics},
	title = {Empirical methods in the study of semantics},
	year = {1971}
}

@incollection{spyns_introduction_2013,
	address = {Heidelberg, New York, Dordrecht \& London},
	author = {Spyns, Peter},
	booktitle = {Essential Speech and Language Technology for {Dutch}. {{{R}}}esults by the {{STEVIN}} programme},
	editor = {Spyns, Peter and Odijk, Jan},
	pages = {1--17},
	publisher = {Springer},
	shorttitle = {Introduction},
	title = {Introduction},
	year = {2013}
}

@incollection{spyns_dutch_2013,
	address = {Heidelberg, New York, Dordrecht \& London},
	author = {Paulussen, Hans and Macken, Lieve and Vandeweghe, Willy and Desmet, Piet},
	booktitle = {Essential Speech and Language Technology for {Dutch}. {{{R}}}esults by the {{STEVIN}} programme},
	editor = {Spyns, Peter and Odijk, Jan},
	pages = {185--199},
	publisher = {Springer},
	shorttitle = {Dutch Parallel Corpus: {A} Balanced Parallel Corpus for Dutch-English and Dutch-French},
	title = {{{{Dutch}}} Parallel Corpus: {{{A}}} Balanced Parallel Corpus for {{{Dutch}}}-{English} and {{{Dutch}}}-{French}},
	year = {2013}
}

@incollection{spyns_cornetto:_2013,
	address = {\biberror{no address}},
	author = {Vossen, Piek and Maks, Isa and Segers, Roxane and van der Vliet, Hennie and Moens, Marie-Francine and Hofmann, Katja and Tjong Kim Sang, Erik and de Rijke, Maarten},
	booktitle = {Essential Speech and Language Technology for {Dutch}, Results by the {{STEVIN}}-programme},
	editor = {Spyns, Peter and Odijk, Jan},
	pages = {165--183},
	publisher = {Springer},
	shorttitle = {Cornetto: {A} lexical semantic database for Dutch},
	title = {Cornetto: {{{A}}} lexical semantic database for {Dutch}},
	year = {2013}
}

@incollection{spyns_construction_2013,
	address = {\biberror{no address}},
	author = {Oostdijk, Nelleke and Reynaert, Martin and Hoste, Veronique and Schuurman, Ineke},
	booktitle = {Essential Speech and Language Technology for {Dutch}: {{{R}}}esults by the {{STEVIN}}-programme},
	editor = {Spyns, Peter and Odijk, Jan},
	file = {Oostdijk et al 2013 Sonar.pdf:C\:\\Users\\lmavdvoo\\AppData\\Roaming\\Zotero\\Zotero\\Profiles\\wa1qjn8x.default\\zotero\\storage\\XRZ66GTU\\Oostdijk et al 2013 Sonar.pdf:application/pdf},
	pages = {\biberror{no pages}},
	publisher = {Springer Verlag},
	shorttitle = {The Construction of a 500 Million Word Reference Corpus of Contemporary Written Dutch},
	title = {The Construction of a 500 Million Word Reference Corpus of Contemporary Written {Dutch}},
	year = {2013}
}

@incollection{sinclair_corpus_1997,
	address = {\biberror{no address}},
	author = {Sinclair, John},
	booktitle = {Teaching and language corpora},
	editor = {\biberror{no editor}},
	pages = {27--39},
	publisher = {Longman London and New York},
	shorttitle = {Corpus evidence in language description},
	title = {Corpus evidence in language description},
	year = {1997}
}

@incollection{shreve_integrative_2010,
	address = {Amsterdam \& Philadelphia},
	author = {Hansen, Gyde},
	booktitle = {Translation and Cognition},
	editor = {Shreve, Gregory M. and Angelone, Erik},
	file = {Hansen 2010 integrative-description-in-translation-process-research.pdf:C\:\\Users\\lmavdvoo\\AppData\\Roaming\\Zotero\\Zotero\\Profiles\\wa1qjn8x.default\\zotero\\storage\\I3X5GCFF\\Hansen 2010 integrative-description-in-translation-process-research.pdf:application/pdf;Hansen 2010 integrative-description-in-translation-process-research.pdf:C\:\\Users\\lmavdvoo\\AppData\\Roaming\\Zotero\\Zotero\\Profiles\\wa1qjn8x.default\\zotero\\storage\\NKEQ8B8F\\Hansen 2010 integrative-description-in-translation-process-research.pdf:application/pdf},
	pages = {189--211},
	publisher = {John Benjamins},
	shorttitle = {Integrative description of translation processes},
	title = {Integrative description of translation processes},
	year = {2010}
}

@incollection{shreve_cognitive_2010,
	address = {Amsterdam},
	author = {Halverson, Sandra},
	booktitle = {Translation and Cognition},
	editor = {Shreve, Gregory and Angelone, Erik},
	pages = {349 -- 369},
	publisher = {John Benjamins},
	shorttitle = {Cognitive translation studies: {D}evelopments in theory and method},
	title = {Cognitive translation studies: {{{D}}}evelopments in theory and method},
	year = {2010}
}

@incollection{schmid_synonyme_2010,
	address = {Berlin \& New York},
	author = {Glynn, Dylan},
	booktitle = {Cognitive Foundations of Linguistic Usage Patterns. {{{{E}}}}mpirical Studies},
	editor = {Schmid, Hans-Jörg and Handl, Susanne},
	pages = {\biberror{no pages}},
	publisher = {Walter de Gruyter},
	shorttitle = {Synonyme, lexical fields, and grammatical constructions. A study in usage-based cognitive smeantics},
	title = {Synonyme, lexical fields, and grammatical constructions. {{{A}}} study in usage-based cognitive smeantics},
	year = {2010}
}

@incollection{schmid_introspection_1996,
	address = {Tübingen},
	author = {Schmid, Hans-Jörg},
	booktitle = {{Proceedings of the Seventh Symposium on Lexicography}},
	editor = {Zettersten, Arne and Hjornager Pedersen, Viggo},
	pages = {223--239},
	publisher = {Max Niemeyer Verlag},
	shorttitle = {Introspection and Computer Corpora. The Meaning and Complementation of start and begin},
	sortname = {Schmid, Hans-Jorg},
	title = {Introspection and Computer Corpora. {{{T}}}he Meaning and Complementation of start and begin},
	year = {1996}
}

@incollection{schaffner_concept_1999,
	address = {Philadelphia},
	author = {Schäffner, Christina},
	booktitle = {Translation and norms},
	editor = {Schäffner, Christina},
	pages = {1--8},
	publisher = {Multilingual Matters},
	shorttitle = {The concept of norms in translation studies},
	sortname = {Schaffner, Christina},
	title = {The concept of norms in translation studies},
	year = {1999}
}

@incollection{rudzka-ostyn_where_1988,
	address = {Amsterdam \& Philadelphia},
	author = {Geeraerts, Dirk},
	booktitle = {Topics in Cognitive Linguistics},
	editor = {Rudzka-Ostyn, Brygida},
	pages = {\biberror{no pages}},
	publisher = {John Benjamins},
	shorttitle = {Where does Prototypicality come from?},
	title = {Where does Prototypicality come from?},
	volume = {207-229},
	year = {1988}
}

@incollection{rosch_principles_1978,
	address = {Hillsdale, {NJ}},
	author = {Rosch, Eleanor},
	booktitle = {Cognition and Categorization},
	editor = {Rosch, Eleanor and Lloyd, Barbara B.},
	pages = {27--48},
	publisher = {Erlbaum},
	shorttitle = {Principles of categorization},
	title = {Principles of categorization},
	year = {1978}
}

@incollection{rojo_who_2013,
	address = {Berlin \& Boston},
	author = {Martín de León, Celia},
	booktitle = {Cognitive linguistics and translation. {{{A}}}dvances in some theoretical models and applications},
	editor = {Rojo, Ana and Ibarretxe-Antuñano, Iraide},
	pages = {99--122},
	publisher = {De Gruyter Mouton},
	shorttitle = {Who cares if the cat is on the mat? Contributions of cognitive models of meaning to translation},
	sortname = {Martin de Leon, Celia},
	title = {Who cares if the cat is on the mat? {{{C}}}ontributions of cognitive models of meaning to translation},
	year = {2013}
}

@incollection{rojo_implications_2013,
	address = {Berlin},
	author = {Halverson, Sandra},
	booktitle = {Cognitive Linguistics and Translation. {{{A}}}dvances in some theoretical models and applications},
	editor = {Rojo, Ana and Ibarretxe-Antuñano, Iraide},
	pages = {33--74},
	publisher = {Mouton de Gruyter},
	shorttitle = {Implications of Cognitive Linguistics for Translation Studies},
	title = {Implications of Cognitive Linguistics for Translation Studies},
	year = {2013}
}

@incollection{rojo_cognitive_2013,
	address = {Berlin \& Boston},
	author = {Rojo, Ana and Ibarretxe-Antuñano, Iraide},
	booktitle = {Cognitive Linguistics and Translation. {{{A}}}dvances in some theoretical models and applications},
	editor = {Rojo, Ana and Ibarretxe-Antuñano, Iraide},
	pages = {3--30},
	publisher = {Walter de Gruyter},
	shorttitle = {Cognitive Linguistics and Translation Studies: {P}ast, present and future},
	sortname = {Rojo, Ana and Ibarretxe-Antunano, Iraide},
	title = {Cognitive Linguistics and Translation Studies: {{{P}}}ast, present and future},
	year = {2013}
}

@incollection{riemer_sense_2016,
	address = {Abingdon \& New York},
	author = {Geeraerts, Dirk},
	booktitle = {The {Routledge} Handbook of Semantics},
	editor = {Riemer, Nick},
	pages = {233--247},
	publisher = {Routledge},
	shorttitle = {Sense Individuation},
	title = {Sense Individuation},
	year = {2016}
}

@incollection{radovanovi_translation_1989,
	address = {Amsterdam \& Philadelphia},
	author = {Ivir, Vladimir},
	booktitle = {Yugoslav General Linguistics},
	editor = {Radovanovi, Milorad},
	pages = {131--144},
	publisher = {John Benjamins},
	shorttitle = {Translation And Back-Translation},
	title = {Translation And Back-Translation},
	year = {1989}
}

@incollection{pym_tourys_2008,
	address = {\biberror{no address}},
	author = {Pym, Anthony},
	booktitle = {Descriptive Translation Studies and beyond. {{{I}}}nvestigations in Honor of Gideon Toury.},
	editor = {Pym, Anthony and Shlesinger, Miriam and Simeoni, David},
	pages = {311--328},
	publisher = {Benjamins},
	shorttitle = {On Toury's laws of how translators translate},
	title = {On Toury's laws of how translators translate},
	year = {2008}
}

@incollection{putz_prepositional_1996,
	address = {Berlin \& New York},
	author = {Rice, Sally},
	booktitle = {The Construal of Space in Language and Thought},
	editor = {Pütz, Martin and Dirven, René},
	pages = {35--65},
	publisher = {Mouton de Gruyter},
	shorttitle = {Prepositional prototypes},
	title = {Prepositional prototypes},
	year = {1996}
}

@incollection{poyatos_punctuation_1997,
	address = {Philadelphia},
	author = {Malmkjaer, Kirsten},
	booktitle = {Nonverbal Communication and Translation},
	editor = {Poyatos, Fernando},
	pages = {\biberror{no pages}},
	publisher = {John Benjamins},
	shorttitle = {Punctuation in Hans Christian Andersen’s stories and in their translations into English},
	title = {Punctuation in {Hans} {Christian} Andersen’s stories and in their translations into {English}},
	year = {1997}
}

@incollection{olohan_strange_2000,
	address = {Manchester},
	author = {Mauranen, Anna},
	booktitle = {Intercultural faultlines: {{{R}}}esearch models in translation studies I: {{{T}}}extual and cognitive aspects},
	editor = {Olohan, Maeve},
	pages = {119--141},
	publisher = {St jerome},
	shorttitle = {Strange strings in translated language. A study on corpora},
	title = {Strange strings in translated language. {{{A}}} study on corpora},
	year = {2000}
}

@incollection{oakes_lexical_2012,
	address = {Amsterdam/Philadelphia},
	author = {De Sutter, Gert and Delaere, Isabelle and Plevoets, Koen},
	booktitle = {Quantitative Methods in Corpus-based Translation Studies. {{{A}}} practical guide to descriptive translation research.},
	editor = {Oakes, Michael and Meng, Ji},
	file = {De Sutter, G., Delaere, I. & Plevoets, K. (2012). Lexical lectometry in corpus-based translation studies..pdf:C\:\\Users\\lmavdvoo\\AppData\\Roaming\\Zotero\\Zotero\\Profiles\\wa1qjn8x.default\\zotero\\storage\\AKTEXI8A\\De Sutter, G., Delaere, I. & Plevoets, K. (2012). Lexical lectometry in corpus-based translation studies..pdf:application/pdf},
	pages = {325--345},
	publisher = {John Benjamins Publishing Company},
	shorttitle = {Lexical lectometry in corpus-based translation studies. Combining profile-based correspondence analysis and logistic regression modeling.},
	title = {Lexical lectometry in corpus-based translation studies. {{{C}}}ombining profile-based correspondence analysis and logistic regression modeling.},
	year = {2012}
}

@incollection{nickel_kontrastive_1972,
	address = {Frankfurt},
	author = {Krzeszowski, Tomasz},
	booktitle = {Reader zur kontrastiven {Linguistik}},
	editor = {Nickel, Gerhard},
	pages = {75--84},
	publisher = {Athenäum Fischer Verlag},
	shorttitle = {Kontrastive Generative Grammatik},
	title = {Kontrastive Generative {Grammatik}},
	year = {1972}
}

@incollection{nickel_equivalence_1971,
	address = {Cambridge},
	author = {Krzeszowski, Tomasz},
	booktitle = {Papers in Contrastive Linguistics},
	editor = {Nickel, Gerhard},
	pages = {37--48},
	publisher = {Cambridge University Press},
	shorttitle = {Equivalence, Congruence and Deep Structure},
	title = {Equivalence, Congruence and Deep Structure},
	year = {1971}
}

@incollection{musolff_conceptual_2014,
	address = {London \& New York},
	author = {Förster Hegrenaes, Claudia},
	booktitle = {Metaphor and Intercultural Communication},
	editor = {Musolff, Andreas and {MacArthur}, Fiona and Pagani, Giulio},
	pages = {73--88},
	publisher = {Bloomsbury},
	shorttitle = {Conceptual metaphors in translation. A corpus-based study on quantitative differences between translated and non-translated English},
	sortname = {Forster Hegrenaes, Claudia},
	title = {Conceptual metaphors in translation. {{{A}}} corpus-based study on quantitative differences between translated and non-translated {English}},
	year = {2014}
}

@incollection{munday_issues_2009,
	address = {London \& New York},
	author = {Munday, Jeremy},
	booktitle = {The {Routledge} Companion to Translation Studies},
	editor = {Munday, Jeremy},
	pages = {1--19},
	publisher = {Routledge},
	shorttitle = {Issues in translation studies},
	title = {Issues in translation studies},
	year = {2009}
}

@incollection{moore_internal_1973,
	address = {New York},
	author = {Rosch, Eleanor},
	booktitle = {Cognitive Development and the Acquisition of Language},
	editor = {Moore, Timothy},
	pages = {111--144},
	publisher = {Academic Press},
	shorttitle = {On the internal structure of perceptual and semantic categories.},
	title = {On the internal structure of perceptual and semantic categories.},
	year = {1973}
}

@incollection{meng_multivariate_2012,
	address = {Amsterdam \& Philadelphia},
	author = {Jenset, Gard B. and {McGillivray}, Barbara},
	booktitle = {Quantitative methods in translation studies {{{A}}} practical guide to descriptive translation research},
	editor = {Meng, Ji and Oakes, Michael},
	pages = {\biberror{no pages}},
	publisher = {John Benjamins},
	shorttitle = {Multivariate analyses of affix productivity in translated English},
	title = {Multivariate analyses of affix productivity in translated {English}},
	year = {2012}
}

@incollection{mehler_models_2007,
	address = {Berlin Heidelberg},
	author = {Leopold, Edda},
	booktitle = {Aspects of Automatic Text Analysis},
	editor = {Mehler, Alexander and Köhler, Reinhard},
	pages = {117--138},
	publisher = {Springer-Verlag},
	shorttitle = {Models of Semantic Spaces},
	title = {Models of Semantic Spaces},
	year = {2007}
}

@incollection{mccarthy_what_2010,
	address = {Florence, {USA}},
	author = {Lee, David Y. W.},
	booktitle = {{Routledge} Handbook of Corpus Linguistics},
	editor = {{McCarthy}, Michael},
	pages = {107--121},
	publisher = {Routledge},
	shorttitle = {What Corpora are Available?},
	title = {What Corpora are Available?},
	year = {2010}
}

@incollection{mauranen_unique_2004,
	address = {Amsterdam},
	author = {Tirkkonen-Condit, Sonja},
	booktitle = {Translation Universals. {{{D}}}o they exist?},
	editor = {Mauranen, Anna and Kujamäki, Pekka},
	pages = {\biberror{no pages}},
	publisher = {John Benjamins},
	shorttitle = {Unique Items. Over- or underrepresented in Translated Language?},
	title = {Unique Items. {{{O}}}ver- or underrepresented in Translated Language?},
	volume = {177-186},
	year = {2004}
}

@incollection{mauranen_explicitation_2004,
	address = {Amsterdam \& Philadelphia},
	author = {Puurtinen, Tiina},
	booktitle = {Translation Universals. {{{D}}}o they exist?},
	editor = {Mauranen, Anna and Kujamäki, Pekka},
	pages = {165--176},
	publisher = {John Benjamins},
	shorttitle = {Explicitation of clausal relations: {A} corpus-based analysis of clause connectives in tarnslated and non-translated Finnish childrens},
	title = {Explicitation of clausal relations: {{{A}}} corpus-based analysis of clause connectives in translated and non-translated {Finnish} childrens},
	year = {2004}
}

@incollection{mauranen_corpora_2004,
	address = {Amsterdam \& Philadelphia},
	author = {Mauranen, Anna},
	booktitle = {Translation Universals. {{{D}}}o they exist?},
	editor = {Mauranen, Anna and Kujamäki, Pekka},
	pages = {65--82},
	publisher = {John Benjamins},
	shorttitle = {Corpora, universals and interference},
	title = {Corpora, universals and interference},
	year = {2004}
}

@incollection{margolis_principles_1999,
	address = {\biberror{no address}},
	author = {Rosch, Eleanor},
	booktitle = {Concepts. {{{C}}}ore Readings},
	editor = {Margolis, Eric and Laurence, Stephen},
	pages = {189--206},
	publisher = {\biberror{no publisher}},
	shorttitle = {Principles of Categorization},
	title = {Principles of Categorization},
	year = {1999}
}

@incollection{ludeling_theory-driven_2009,
	address = {Berlin},
	author = {Xiao, Richard},
	booktitle = {Corpus Linguistics. {{{A}}}n International Handbook},
	editor = {Lüdeling, Anke and Kytö, Merja},
	file = {Xiao, Richard Theory-driven corpus research Using corpora t.pdf:C\:\\Users\\lmavdvoo\\AppData\\Roaming\\Zotero\\Zotero\\Profiles\\wa1qjn8x.default\\zotero\\storage\\W8M9I3SN\\Sinclair e.a. - 46. Theory-driven corpus research Using corpora t.pdf:application/pdf},
	pages = {987--1008},
	publisher = {Mouton de Gruyter},
	shorttitle = {Theory-driven corpus research. Using corpora to inform aspect theory},
	title = {Theory-driven corpus research. {{{{U}}}}sing corpora to inform aspect theory},
	volume = {2},
	year = {2009}
}

@incollection{libben_behavioral_2012,
	address = {Amsterdam \& Philadelphia},
	author = {Gries, Stefan},
	booktitle = {Methodological and Analytic Frontiers in Lexical Research},
	editor = {Libben, Gonia and Jarema, Gary and Westbury, Chris},
	pages = {57--80},
	publisher = {John Benjamins},
	shorttitle = {Behavioral profiles: {A} fine-grained and quantitative approach in corpus-based lexical semantics},
	title = {Behavioral profiles: {{{A}}} fine-grained and quantitative approach in corpus-based lexical semantics},
	volume = {47},
	year = {2012}
}

@incollection{lewandowska-tomasczyk_word_1992,
	address = {Maastricht},
	author = {Snell-Hornby, Mary},
	booktitle = {Translation and Meaning, part 2},
	editor = {Lewandowska-Tomasczyk, Barbara and Thelen, Marcel},
	pages = {97--104},
	publisher = {Rijkshogeschool Maastricht, Faculty of Translation and Interpreting},
	shorttitle = {Word against text. Lexical semantics and translation theory},
	title = {Word against text. {{{L}}}exical semantics and translation theory},
	year = {1992}
}

@incollection{lewandowska-tomasczyk_specification_2010,
	address = {Frankfurt a. M.},
	author = {Klaudy, Kinga},
	booktitle = {Meaning in Translation},
	editor = {Lewandowska-Tomasczyk, Barbara and Thelen, Marcel},
	isbn = {3-631-60105-0},
	pages = {81--103},
	publisher = {Peter Lang},
	shorttitle = {Specification and Generalisation of Meaning in Translation},
	title = {Specification and Generalisation of Meaning in Translation},
	volume = {19},
	year = {2010}
}

@incollection{lewandowska-tomasczyk_corpus-based_2009,
	address = {Frankfurt am Main},
	author = {Divjak, Dagmar and Gries, Stefan},
	booktitle = {Studies in Cognitive Corpus Linguistics},
	editor = {Lewandowska-Tomasczyk, Barbara and Dziwirek, Katarzyna},
	pages = {273--296},
	publisher = {Peter Lang},
	shorttitle = {Corpus-Based Cognitive Semantics. A Contrastive Study of Phasal Verbs in English and Russian},
	title = {Corpus-Based Cognitive Semantics. {{{A}}} Contrastive Study of Phasal Verbs in {English} and {Russian}},
	year = {2009}
}

@incollection{lappin_vector_2015,
	address = {Chichester},
	author = {Clark, Stephen},
	booktitle = {The Handbook of Contemporary Semantic Theory},
	edition = {2},
	editor = {Lappin, Shalom and Fox, Chris},
	file = {Clark vector space models of lexical meaning.pdf:C\:\\Users\\lmavdvoo\\AppData\\Roaming\\Zotero\\Zotero\\Profiles\\wa1qjn8x.default\\zotero\\storage\\HHD4TTBR\\Clark vector space models of lexical meaning.pdf:application/pdf},
	pages = {493--522},
	publisher = {John Wiley \& Sons},
	shorttitle = {Vector Space Models of Lexical Meaning},
	title = {Vector Space Models of Lexical Meaning},
	year = {2015}
}

@incollection{land_zwakke_2009,
	address = {Amsterdam},
	author = {Land, J. and van den Bergh, Huub and Sanders, Ted},
	booktitle = {Vakwerk 5: {{{A}}}chtergronden van de {{NT}}2 lespraktijk: {{{L}}}ezingen conferentie {{BVNT}}2},
	editor = {\biberror{no editor}},
	pages = {54--62},
	publisher = {{BV} {NT}2},
	shorttitle = {Zwakke teksten voor 'zwakke' lezers},
	title = {Zwakke teksten voor 'zwakke' lezers},
	year = {2009}
}

@incollection{kroll_simultaneous_2005,
	address = {Oxford},
	author = {Christoffels, Ingrid K. and De Groot, Annette M. B.},
	booktitle = {Handbook of bilingualism. {{{P}}}sycholinguistic Approaches},
	editor = {Kroll, Judith F. and De Groot, Annette M. B.},
	pages = {454--479},
	publisher = {Oxford University Press},
	shorttitle = {Simultaneous Interpreting. A cognitive perspective},
	title = {Simultaneous Interpreting. {{{A}}} cognitive perspective},
	year = {2005}
}

@incollection{kristiansen_methodological_2008,
	address = {Berlin},
	author = {Heylen, Kris and Tummers, Jose and Geeraerts, Dirk},
	booktitle = {Cognitive Sociolinguistics. {{{L}}}anguage Variation, Cultural Models, Social Systems},
	editor = {Kristiansen, Gitte and Dirven, René},
	pages = {91--128},
	publisher = {Mouton de Gruyter},
	shorttitle = {Methodological Issues in Corpus-Based Cognitive Linguistics},
	title = {Methodological Issues in Corpus-Based Cognitive Linguistics},
	year = {2008}
}

@incollection{kranich_between_2011,
	address = {Amsterdam \& Philadelphia},
	author = {Hansen-Schirra, Silvia},
	booktitle = {Multilingual Discourse Production. {{{D}}}iachronic and Synchronic Perspectives},
	editor = {Kranich, Svenja and Becher, Viktor and Höder, Steffen and House, Juliane},
	pages = {133--162},
	publisher = {John Benjamins},
	series = {Hamburg Studies on Multilingualism},
	shorttitle = {Between normalization and shining-through. Specific properties of English-German translations and their influence on the target language},
	title = {Between normalization and shining-through. {{{S}}}pecific properties of {English}-{German} translations and their influence on the target language},
	volume = {12},
	year = {2011}
}

@incollection{kecskes_neurofunctional_2007,
	address = {Dordrecht},
	author = {Paradis, Michel},
	booktitle = {Cognitive Aspects of Bilingualism},
	editor = {Kecskes, Istvan and Albertazzi, Liliana},
	pages = {3--28},
	publisher = {Springer},
	shorttitle = {The neurofunctional components of the bilingual cognitive system},
	title = {The neurofunctional components of the bilingual cognitive system},
	year = {2007}
}

@incollection{johansson_translational_1998,
	address = {Amsterdam},
	author = {Dyvik, Helge},
	booktitle = {Corpora and cross-linguistic research: {{{T}}}heory, method, and case studies},
	editor = {Johansson, Stig and Oksefjell, Signe},
	pages = {51--86},
	publisher = {Rodopi},
	shorttitle = {A translational basis for semantics},
	title = {A translational basis for semantics},
	year = {1998}
}

@incollection{johansson_role_1998,
	address = {Amsterdam},
	author = {Johansson, Stig},
	booktitle = {Corpora and Cross-linguistic Research},
	editor = {Johansson, Stig and Oksefjell, Signe},
	pages = {3--24},
	publisher = {Rodopi},
	shorttitle = {On the Role of Corpora and their Uses in Cross-linguistic Research.},
	title = {On the Role of Corpora and their Uses in Cross-linguistic Research.},
	year = {1998}
}

@incollection{house_shifts_1986,
	address = {Tübingen},
	author = {Blum-Kulka, Shoshana},
	booktitle = {Interlingual and Intercultural Communication. {{{D}}}iscourse and Cognition in Translation and Second Language Acquisition Studies},
	editor = {House, Juliane and Blum-Kulka, Shoshana},
	pages = {17--35},
	publisher = {Gunter Narr},
	shorttitle = {Shifts of Cohesion and Coherence in Translation},
	title = {Shifts of Cohesion and Coherence in Translation},
	year = {1986}
}

@incollection{hornby_bilingual_1977,
	address = {New York},
	author = {McCormack, Peter D.},
	booktitle = {Bilingualism},
	editor = {Hornby, P. A.},
	pages = {57--66},
	publisher = {Academic Press},
	shorttitle = {Bilingual linguistic memory. The independence-interdependence isuue revisited},
	title = {Bilingual linguistic memory. {{{T}}}he independence-interdependence isuue revisited},
	year = {1977}
}

@incollection{hermans_translation_1999,
	address = {Manchester},
	author = {Hermans, Theo},
	booktitle = {\biberror{no booktitle}},
	editor = {\biberror{no editor}},
	pages = {\biberror{no pages}},
	publisher = {St. Jerome},
	shorttitle = {Translation in Systems. Descriptive and System-oriented Approaches Explained.},
	title = {Translation in Systems. {{{D}}}escriptive and System-oriented Approaches Explained.},
	year = {1999}
}

@incollection{hermans_translation_1985,
	address = {London \& Sydney},
	author = {Hermans, Theo},
	booktitle = {The Manipulation of Literature. {{{S}}}tudies in Literary Translation.},
	editor = {Hermans, Theo},
	pages = {7--15},
	publisher = {Croom Helm},
	shorttitle = {Translation Studies and a New Paradigm},
	title = {Translation Studies and a New Paradigm},
	year = {1985}
}

@incollection{heredia_bilingual_2014,
	address = {New York, {NY}},
	author = {Brysbaert, Marc and Ameel, Eef and Storms, Gert},
	booktitle = {Foundations of Bilingual Memory},
	editor = {Heredia, Robert R. and Altarriba, Jeanette},
	pages = {133--146},
	publisher = {Springer Science+Business Media},
	shorttitle = {Bilingual Semantic Memory. {{{A}}} New Hypothesis},
	title = {Bilingual Semantic Memory. {{{A}}} New Hypothesis},
	year = {2014}
}

@incollection{hasselgard_complexity_1999,
	address = {Amsterdam},
	author = {Dyvik, Helge},
	booktitle = {Out of Corpora : {{{S}}}tudies in Honour of Stig Johansson},
	editor = {Hasselgård, Hilde and Oksefjell, Signe and Johansson, Stig},
	pages = {215--230},
	publisher = {Rodopi},
	shorttitle = {On the Complexity of Translation},
	title = {On the Complexity of Translation},
	year = {1999}
}

@incollection{hasselgard_adverbial_1999,
	address = {Amsterdam},
	author = {Altenberg, Bengt},
	booktitle = {Out of Corpora : {{{S}}}tudies in Honour of Stig Johansson.},
	editor = {Hasselgård, Hilde and Oksefjell, Signe and Johansson, Stig},
	pages = {249--268},
	publisher = {Rodopi},
	shorttitle = {Adverbial Connectors in English and Swedish: {S}emantic and Lexical Correspondences},
	title = {Adverbial Connectors in {English} and {Swedish}: {{{S}}}emantic and Lexical Correspondences},
	year = {1999}
}

@incollection{hansen-schirra_towards_2012,
	address = {Berlin \& Boston},
	author = {Hansen-Schirra, Silvia and Steiner, Erich},
	booktitle = {Cross-linguistic corpora for the study of translations. {{{I}}}nsights from the language pair {English}-{German}},
	editor = {Hansen-Schirra, Silvia and Neumann, Stella and Steiner, Erich},
	pages = {255--280},
	publisher = {De Gruyter Mouton},
	shorttitle = {Towards a typology of translation properties},
	title = {Towards a typology of translation properties},
	year = {2012}
}

@incollection{gries_ways_2006,
	address = {Berlin \& New York},
	author = {Divjak, Dagmar},
	booktitle = {Corpora in Cognitive Linguistics: {{{C}}}orpus-based Approaches to Syntax and Lexis},
	editor = {Gries, Stefan and Stefanowitsch, Anatol},
	pages = {19--56},
	publisher = {Mouton de Gruyter},
	shorttitle = {Ways of Intending. A Corpus-based Cognitive Linguistic Approach to near Synonyms in Russian.},
	title = {Ways of Intending. {{{A}}} Corpus-based Cognitive Linguistic Approach to near Synonyms in {Russian}.},
	year = {2006}
}

@incollection{gries_introduction_2006,
	address = {Berlin \& New York},
	author = {Gries, Stefan Th.},
	booktitle = {Corpora in cognitive linguistics: {{{C}}}orpus-based approaches to syntax and lexis},
	editor = {Gries, Stefan Th. and Stefanowitsch, Anatol},
	pages = {1--17},
	publisher = {Mouton de Gruyter},
	shorttitle = {Introduction},
	title = {Introduction},
	year = {2006}
}

@incollection{gries_corpus-based_2006,
	address = {Berlin \& New York},
	author = {Gries, Stefan},
	booktitle = {Corpora in Cognitive Linguistics. {{{C}}}orpus-based Approaches to Syntax and Lexis.},
	editor = {Gries, Stefan and Stefanowitsch, Anatol},
	pages = {57--99},
	publisher = {Mouton de Gruyter},
	shorttitle = {Corpus-based Methods and Cognitive Semantics. The Many senses of to run},
	title = {Corpus-based Methods and Cognitive Semantics. {{{T}}}he Many senses of to run},
	year = {2006}
}

@incollection{greenacre_simple_2006,
	address = {London},
	author = {Greenacre, Michael},
	booktitle = {Multiple Correspondence Analysis and Related Methods},
	editor = {Greenacre, Michael and Blasius, Jörg},
	pages = {41--77},
	publisher = {Chapman},
	shorttitle = {From Simple to Multiple Correspondence Analysis},
	title = {From Simple to Multiple Correspondence Analysis},
	year = {2006}
}

@incollection{granger_corpus_2003,
	address = {Amsterdam \& New York},
	author = {Granger, Sylviane},
	booktitle = {Corpus-based approaches to contrastive linguistics and translation studies},
	editor = {Granger, Sylviane and Lerot, Jacques and Petch-Tyson, Stephanie},
	pages = {17--30},
	publisher = {Rodopi},
	shorttitle = {The corpus approach: {A} common way forward for Contrastive Linguistics and Translation Studies},
	title = {The corpus approach: {{{A}}} common way forward for Contrastive Linguistics and Translation Studies},
	year = {2003}
}

@incollection{granger_corpora_2003,
	address = {Amsterdam},
	author = {Laviosa, Sara},
	booktitle = {Corpus-based approaches to contrastive linguistics and translation studies},
	editor = {Granger, Sylviane and Lerot, Jacques and Petch-Tyson, Stephanie},
	pages = {45--54},
	publisher = {Rodopi},
	shorttitle = {Corpora and Translation Studies},
	title = {Corpora and Translation Studies},
	year = {2003}
}

@incollection{gopferich_indicators_2009,
	address = {Copenhagen},
	author = {Jensen, Kristian T. H.},
	booktitle = {Behind the Mind. {{{M}}}ethods Models and Results in Translation Process Research},
	editor = {Göpferich, Susanne and Jakobsen, Arnt and Mees, Inger},
	number = {37},
	pages = {61--80},
	publisher = {Samfundslitteratur},
	series = {Copenhagen Studies in Language},
	shorttitle = {Indicators of Text Complexity},
	title = {Indicators of Text Complexity},
	year = {2009}
}

@incollection{glynn_visualizing_2014,
	address = {Amsterdam \& Philadelphia},
	author = {Desagulier, Guillaume},
	booktitle = {Corpus Methods for Semantics: {{{Q}}}uantitative studies in polysemy and synoymy},
	editor = {Glynn, Dylan and Robinson, Justyna},
	pages = {145--178},
	publisher = {John Benjamins},
	shorttitle = {Visualizing distances in a set of near-synonyms: {R}ather, quite, fairly and pretty},
	title = {Visualizing distances in a set of near-synonyms: {{{R}}}ather, quite, fairly and pretty},
	year = {2014}
}

@incollection{glynn_empirical_2010,
	address = {Berlin},
	author = {Stefanowitsch, Anatol},
	booktitle = {Quantitative methods in cognitive semantics: {{{C}}}orpus-driven approaches},
	editor = {Glynn, Dylan and Fischer, Kerstin},
	pages = {355--380},
	publisher = {De Gruyter Mouton},
	shorttitle = {Empirical cognitive semantics: {{{S}}}ome thoughts},
	title = {Empirical cognitive semantics: {{{S}}}ome thoughts},
	year = {2010}
}

@incollection{glynn_cluster_2014,
	address = {\biberror{no address}},
	author = {Divjak, Dagmar and Fieller, Nick},
	booktitle = {Corpus Methods for Semantics: {{{Q}}}uantitative studies in polysemy and synonymy.},
	editor = {Glynn, Dylan and Robinson, Justyna R.},
	pages = {405--441},
	publisher = {\biberror{no publisher}},
	shorttitle = {Cluster analysis. {F}inding structure in linguistic data},
	title = {Cluster analysis. {{{F}}}inding structure in linguistic data},
	year = {2014}
}

@incollection{gelbukh_five_2013,
	address = {Berlin},
	author = {Lefever, Els and Hoste, Veronique and De Cock, Martine},
	booktitle = {Lecture Notes in Computer Science},
	editor = {Gelbukh, Alexander},
	pages = {343--354},
	publisher = {Springer},
	shorttitle = {Five Languages Are Better Than One: {{{A}}}n Attempt to Bypass the Data Acquisition Bottleneck for {WSD}},
	title = {Five Languages Are Better Than {One}: {{{A}}}n Attempt to Bypass the Data Acquisition Bottleneck for {{WSD}}},
	volume = {7816},
	year = {2013}
}

@incollection{geeraerts_where_2006,
	address = {Berlin \& New York},
	author = {Geeraerts, Dirk},
	booktitle = {Words and other wonders},
	editor = {Geeraerts, Dirk and Dirven, René and Taylor, John},
	pages = {27--47},
	publisher = {Mouton de Gruyter},
	shorttitle = {Where does prototypicality come from?},
	title = {Where does prototypicality come from?},
	year = {2006}
}

@incollection{geeraerts_prototype_2006,
	address = {Berlin \& New York},
	author = {Geeraerts, Dirk},
	booktitle = {Cognitive Linguistics. {{{B}}}asic Readings},
	editor = {Geeraerts, Dirk},
	pages = {141--165},
	publisher = {Mouton de Gruyter},
	shorttitle = {Prototype theory. Prospects and problems of prototype theory},
	title = {Prototype theory. {{{P}}}rospects and problems of prototype theory},
	year = {2006}
}

@incollection{gambier_what_2004,
	address = {Amsterdam \& Philadelphia},
	author = {Chesterman, Andrew},
	booktitle = {Doubts and Directions in Translation Studies},
	editor = {Gambier, Yves and Shlesinger, Miriam and Stolze, Radegundis},
	pages = {3--13},
	publisher = {John Benjamins},
	shorttitle = {What is a unique item?},
	title = {What is a unique item?},
	year = {2004}
}

@incollection{gambier_contrastive_2013,
	address = {Amsterdam},
	author = {Vandepitte, Sonia and De Sutter, Gert},
	booktitle = {Handbook of Translation Studies},
	editor = {Gambier, Yves and van Doorslaer, Luc},
	pages = {36--41},
	publisher = {John Benjamins},
	shorttitle = {Contrastive Linguistics and Translation Studies},
	title = {Contrastive Linguistics and Translation Studies},
	volume = {4},
	year = {2013}
}

@incollection{frost_bilingual_1992,
	address = {Amsterdam},
	author = {De Groot, Annette M. B.},
	booktitle = {Orthography, Phonology, Morphology and Meaning},
	editor = {Frost, Ram and Katz, Leonard},
	pages = {389--412},
	publisher = {North Holland},
	shorttitle = {Bilingual Lexical Representation. A Closer Look at Conceptual Representations},
	title = {Bilingual Lexical Representation. {{{A}}} Closer Look at Conceptual Representations},
	year = {1992}
}

@incollection{fischer_pragmatic_2006,
	address = {Amsterdam},
	author = {Aijmer, Karin and Foolen, Ad and Simon-Vandenbergen, Anne-Marie},
	booktitle = {Approaches to Discourse Particles},
	editor = {Fischer, Kerstin},
	pages = {101--114},
	publisher = {Elsevier},
	shorttitle = {Pragmatic markers in translation: {{{A}}} methodological proposal},
	title = {Pragmatic markers in translation: {{{A}}} methodological proposal},
	year = {2006}
}

@incollection{firth_synopsis_1957,
	address = {Oxford},
	author = {Firth, John R.},
	booktitle = {Studies in Linguistic Analysis},
	editor = {Firth, John R.},
	file = {Firth-JR-1957-1962-A-Synopsis-of-Linguistic-Theory 1930-1955.pdf:C\:\\Users\\lmavdvoo\\AppData\\Roaming\\Zotero\\Zotero\\Profiles\\wa1qjn8x.default\\zotero\\storage\\ZW4R49QT\\Firth-JR-1957-1962-A-Synopsis-of-Linguistic-Theory 1930-1955.pdf:application/pdf},
	pages = {1--32},
	publisher = {Philological Society},
	shorttitle = {A synopsis of linguistic theory 1930-1955.},
	title = {A synopsis of linguistic theory 1930-1955.},
	year = {1957}
}

@incollection{evans_behavioral_2009,
	address = {Amsterdam \& Philadelphia},
	author = {Gries, Stefan and Divjak, Dagmar},
	booktitle = {New Directions in Cognitive Linguistics},
	editor = {Evans, Vyvyan and Pourcel, Stephanie S.},
	pages = {57--75},
	publisher = {John Benjamins},
	shorttitle = {Behavioral Profiles. A Corpus-Based Approach to Cognitive Semantic Analysis},
	title = {Behavioral Profiles. {{{A}}} Corpus-Based Approach to Cognitive Semantic Analysis},
	year = {2009}
}

@incollection{englund_dimitrova_prerequisites_2000,
	address = {Amsterdam},
	author = {Paradis, Michel},
	booktitle = {Language Processing and simultaneous interpreting},
	editor = {Englund Dimitrova, Birgitta and Hyltenstam, Kenneth},
	pages = {17--24},
	publisher = {Benjamins},
	shorttitle = {Prerequisites to a study of neurolinguistic processes involved in simultaneous interpreting. {{{A}}} synopsis},
	title = {Prerequisites to a study of neurolinguistic processes involved in simultaneous interpreting. {{{A}}} synopsis},
	year = {2000}
}

@incollection{ellis_neurolinguistic_1994,
	address = {London},
	author = {Paradis, Michel},
	booktitle = {Implicit and explicit learning of second languages},
	editor = {Ellis, Nick},
	pages = {393--419},
	publisher = {Academic Press},
	shorttitle = {Neurolinguistic aspects of implicit and explitic memory. Implications for Bilingualism},
	title = {Neurolinguistic aspects of implicit and explitic memory. {{{I}}}mplications for Bilingualism},
	year = {1994}
}

@incollection{dirven_functionalism_1987,
	address = {Amsterdam \& Philadelphia},
	author = {Ivir, Vladimir},
	booktitle = {Functionalism in Linguistics},
	editor = {Dirven, René and Fried, Vilém},
	pages = {471--481},
	publisher = {John Benjamins},
	shorttitle = {Functionalism in Contrastive Analysis and Translation Studies},
	title = {Functionalism in Contrastive Analysis and Translation Studies},
	year = {1987}
}

@incollection{dimitriu_asymmetry_2009,
	address = {Brussels},
	author = {Klaudy, Klaudy},
	booktitle = {Translators and Their Readers. {{{I}}}n Homage to Eugène A. {{{N}}}ida},
	editor = {Dimitriu, Rodica and Shlesinger, Miriam},
	pages = {283--303},
	publisher = {Les Éditions du Hazard},
	shorttitle = {The Asymmetry Hypothesis in Translation Research},
	title = {The Asymmetry Hypothesis in Translation Research},
	year = {2009}
}

@incollection{deshors_case_2014,
	address = {Amsterdam},
	author = {Deshors, Sandra and Gries, Stefan Th.},
	booktitle = {Human Cognitive Processing},
	editor = {Glynn, Dylan and Robinson, Justyna A.},
	isbn = {978-90-272-2397-5 978-90-272-7033-7},
	langid = {english},
	pages = {179--204},
	publisher = {John Benjamins Publishing Company},
	shorttitle = {A case for the multifactorial assessment of learner language},
	title = {A case for the multifactorial assessment of learner language: {{{T}}}he uses of may and can in {French}-{English} interlanguage},
	url = {https://benjamins.com/catalog/hcp.43.07des},
	urlyear = {2016-12-15},
	volume = {43},
	year = {2014}
}

@incollection{de_sutter_developing_2017,
	address = {Berlin \& New York},
	author = {Halverson, Sandra},
	booktitle = {Empirical Translation Studies. {{{N}}}ew Methodological and Theoretical Traditions},
	editor = {De Sutter, Gert and Lefer, Marie-Aude and Delaere, Isabelle},
	number = {Trends in Linguistics Studies and Monographs},
	pages = {\biberror{no pages}},
	publisher = {Mouton},
	shorttitle = {Developing a cognitive semantic model: {{{M}}}agnetism, gravitational pull and questions of data and method},
	title = {Developing a cognitive semantic model: {{{M}}}agnetism, gravitational pull and questions of data and method},
	year = {2017}
}

@incollection{de_los_angeles_gomez_gonzalez_causative_2008,
	address = {Amsterdam},
	author = {Gilquin, Gaëtanelle},
	booktitle = {Current trends in contrastive linguistics. {{{F}}}unctional and cognitive perspectives},
	editor = {de los Ángeles Gómez González, Maria and Mackenzie, J. Lachlan and González Álvarez, Elsa M.},
	pages = {177--201},
	publisher = {John Benjamins},
	shorttitle = {Causative make and faire. A case of mismatch},
	sortname = {Gilquin, Gaetanelle},
	title = {Causative make and faire. {{{A}}} case of mismatch},
	year = {2008}
}

@incollection{de_groot_lexical_1997,
	address = {Mahwah, {NJ}},
	author = {Kroll, Judith F. and de Groot, Annette M. B.},
	booktitle = {Tutorials in Bilingualism. {{{P}}}sycholinguistics perspectives},
	editor = {De Groot, Annette M. B. and Kroll, Judith F.},
	pages = {169--199},
	publisher = {Lawrence Erlbaum Associates},
	shorttitle = {Lexical and conceptual memory in the bilingual. Mapping form to meaning in two languages},
	title = {Lexical and conceptual memory in the bilingual. {{{M}}}apping form to meaning in two languages},
	year = {1997}
}

@incollection{cuadras_correspondence_1993,
	address = {Amsterdam},
	author = {Lebart, Ludovic and Mirkin, Boris G.},
	booktitle = {Multivariate Analysis, Future Directions 2},
	editor = {Cuadras, Carlos María and Rao, Calyampudi Radhakrishna},
	pages = {341--357},
	publisher = {North-Holland Elsevier Science Publishers},
	shorttitle = {Correspondence Analysis and Classification},
	title = {Correspondence Analysis and Classification},
	year = {1993}
}

@incollection{cook_second_2011,
	address = {New York},
	author = {Bassetti, Benedetta and Cook, Vivian},
	booktitle = {Language and bilingual cognition},
	editor = {Cook, Vivian and Bassetti, Benedetta},
	pages = {143--190},
	publisher = {Psychology Press},
	shorttitle = {The second language user},
	title = {The second language user},
	year = {2011}
}

@incollection{chesterman_translation_1989,
	address = {Finland},
	author = {Levý, Jiří},
	booktitle = {Readings in Translatin Theory},
	editor = {Chesterman, Andrew},
	pages = {99--104},
	publisher = {Oy Finn Lectura Ab},
	shorttitle = {Translation as a Decision Process},
	sortname = {Levy, Jiri},
	title = {Translation as a Decision Process},
	year = {1989}
}

@incollection{butz_comparing_2011,
	address = {Berlin Heidelberg},
	author = {Muller, Philippe and Langlais, Philippe},
	booktitle = {{Advances in Artificial Intelligence. 24th {Canadian} Conference on Artificial Intelligence}},
	editor = {Butz, Cory and Lingras, Pawan},
	file = {Muller et Langlais 2011 approche miroir et approche distributionelle.pdf:C\:\\Users\\lmavdvoo\\AppData\\Roaming\\Zotero\\Zotero\\Profiles\\wa1qjn8x.default\\zotero\\storage\\JDM668JV\\Muller et Langlais 2011 approche miroir et approche distributionelle.pdf:application/pdf;Muller & Langlais 2011 Comparing distributional and mirror translation similarities for extracting synonyms.pdf:C\:\\Users\\lmavdvoo\\AppData\\Roaming\\Zotero\\Zotero\\Profiles\\wa1qjn8x.default\\zotero\\storage\\WV5G97F8\\Muller & Langlais 2011 Comparing distributional and mirror translation similarities for extracting synonyms.pdf:application/pdf},
	pages = {\biberror{no pages}},
	publisher = {Springer-Verlag},
	shorttitle = {Comparing Distributional and Mirror Translation Similarities for Extracting Synonyms},
	title = {Comparing Distributional and Mirror Translation Similarities for Extracting Synonyms},
	year = {2011}
}

@incollection{brown_corpora_2006,
	address = {Amsterdam},
	author = {Tognini-Bonelli, Elena and Sinclair, John},
	booktitle = {Encyclopedia of Language and Linguistics},
	edition = {2},
	editor = {Brown, Keith},
	pages = {216--219},
	publisher = {Elsevier},
	shorttitle = {Corpora},
	title = {Corpora},
	year = {2006}
}

@incollection{bowker_english_1996,
	address = {Manchester},
	author = {Laviosa, Sara},
	booktitle = {Unity in Diversity. {{{C}}}urrent Trends in Translation Studies},
	editor = {Bowker, Lynne and Cronin, Michael and Kenny, Dorothy and Pearson, Jennifer},,
	pages = {101--112},
	publisher = {St. Jerome},
	shorttitle = {The English Comparable Corpus. A Resource and a Methodology},
	title = {The {English} Comparable Corpus. {{{A}}} Resource and a Methodology},
	year = {1996}
}

@incollection{baumgarten_ideology_2012,
	address = {Amsterdam \& Philadelphia},
	author = {Baumgarten, Stefan},
	booktitle = {Handbook of Translation Studies},
	editor = {van Doorslaer, Luc and Gambier, Yves},
	file = {Snapshot:C\:\\Users\\lmavdvoo\\AppData\\Roaming\\Zotero\\Zotero\\Profiles\\wa1qjn8x.default\\zotero\\storage\\ZA6J6XS3\\ide1.html:text/html},
	langid = {english},
	pages = {59--65},
	publisher = {John Benjamins Publishing Company},
	shorttitle = {Baumgarten},
	title = {Ideology and translation},
	url = {https://benjamins.com/online/hts/articles/ide1},
	urlyear = {2017-09-11},
	volume = {3},
	year = {2012}
}

@incollection{baker_corpus_1993,
	address = {Philadelphia/Amsterdam},
	author = {Baker, Mona},
	booktitle = {Text and technology. {{{I}}}n honour of {John} {Sinclair}.},
	editor = {Baker, Mona and Francis, Gill and Tognini-Bonelli, Elena},
	file = {Baker (1993) corpus linguistics and translation studies - implications and applications.pdf:C\:\\Users\\lmavdvoo\\AppData\\Roaming\\Zotero\\Zotero\\Profiles\\wa1qjn8x.default\\zotero\\storage\\HXGZPP8H\\Baker (1993) corpus linguistics and translation studies - implications and applications.pdf:application/pdf},
	pages = {17--45},
	publisher = {John Benjamins},
	shorttitle = {Corpus linguistics and translation studies. Implications and applications.},
	title = {Corpus linguistics and translation studies. {{{I}}}mplications and applications.},
	year = {1993}
}

@incollection{baker_corpus-based_1996,
	address = {Amsterdam},
	author = {Baker, Mona},
	booktitle = {Terminology, {{LSP}} and Translation. {{{S}}}tudies in Language Engineering in Honour of {Juan} C. {{{S}}}ager},
	editor = {Somers, Harold},
	file = {Baker (1996) corpus-based translation studies, the challenges that lie ahead.pdf:C\:\\Users\\lmavdvoo\\AppData\\Roaming\\Zotero\\Zotero\\Profiles\\wa1qjn8x.default\\zotero\\storage\\8FM3DC6D\\Baker (1996) corpus-based translation studies, the challenges that lie ahead.pdf:application/pdf},
	pages = {175--186},
	publisher = {John Benjamins},
	shorttitle = {Corpus-based Translation Studies. The Challenges that lie Ahead},
	title = {Corpus-based Translation Studies. {{{T}}}he Challenges that lie Ahead},
	year = {1996}
}

@incollection{auger_representation_1997,
	address = {Quebec City},
	author = {Paradis, Michel},
	booktitle = {Explorations du lexique},
	editor = {Auger, Julie and Rose, Yvan},
	pages = {15--27},
	publisher = {{CIRAL}},
	shorttitle = {Représentation lexicale et conceptuelle chez les bilingues. Deux langues, trois systèmes},
	title = {Représentation lexicale et conceptuelle chez les bilingues. {{{D}}}eux langues, trois systèmes},
	year = {1997}
}

@incollection{anderman_universal_2008,
	address = {Clevedon},
	author = {Mauranen, Anna},
	booktitle = {Incorporating Corpora: {{{T}}}he Linguist and the Translator},
	editor = {Anderman, Gunilla M. and Rogers, Margaret},
	pages = {32--48},
	publisher = {Multilingual Matters},
	shorttitle = {Universal tendencies in translation},
	title = {Universal tendencies in translation},
	year = {2008}
}

@incollection{alves_foreword._2003,
	address = {Amsterdam \& Philadelphia},
	author = {Alves, Fabio},
	booktitle = {Triangulating Translation. {{{P}}}erspectives in Process Oriented Research},
	editor = {Alves, Fabio},
	pages = {VII--X},
	publisher = {John Benjamins},
	shorttitle = {Foreword. Triangulation in process oriented research in translation},
	title = {Foreword. {{{T}}}riangulation in process oriented research in translation},
	year = {2003}
}

@incollection{altenberg_recent_2002,
	address = {Amsterdam},
	author = {Altenberg, Bengt and Granger, Sylviane},
	booktitle = {Lexis in Contrast: {{{C}}}orpus-Based Approaches},
	editor = {Altenberg, Bengt and Granger, Sylviane},
	pages = {3--48},
	publisher = {John Benjamins},
	shorttitle = {Recent trends in cross-linguistic lexical studies},
	title = {Recent trends in cross-linguistic lexical studies},
	year = {2002}
}

@incollection{allan_lexical_2013,
	address = {Oxford},
	author = {Geeraerts, Dirk},
	booktitle = {The {Oxford} Handbook of the History of Linguistics},
	editor = {Allan, Keith},
	pages = {555--569},
	publisher = {Oxford University Press},
	shorttitle = {Lexical Semantics from speculative etymology to structuralist semantics},
	title = {Lexical Semantics from speculative etymology to structuralist semantics},
	year = {2013}
}

@incollection{aijmer_state_1991,
	address = {London},
	author = {Leech, Geoffrey},
	booktitle = {{English} Corpus Linguistics: {{{S}}}tudies in Honour of {Jan} {Svartvik}},
	editor = {Aijmer, Karin and Altenberg, Bengt},
	file = {Leech 1991 The state of the art in corpus linguistics.pdf:C\:\\Users\\lmavdvoo\\AppData\\Roaming\\Zotero\\Zotero\\Profiles\\wa1qjn8x.default\\zotero\\storage\\HRD6C8MT\\Leech 1991 The state of the art in corpus linguistics.pdf:application/pdf},
	pages = {8--29},
	publisher = {Longman},
	shorttitle = {The state of the art in corpus linguistics},
	title = {The state of the art in corpus linguistics},
	year = {1991}
}

@incollection{agirre_unsupervised_2007,
	address = {\biberror{no address}},
	author = {Pedersen, Ted},
	booktitle = {Word Sense disambiguation. {{{A}}}lgorithms and Applications.},
	editor = {Agirre, Eneko and Edmonds, Philip Glenny},
	pages = {\biberror{no pages}},
	publisher = {Kluwer Academic Publishers},
	shorttitle = {Unsupervised Corpus-Based Methods for {WSD}},
	title = {Unsupervised Corpus-Based Methods for {{WSD}}},
	year = {2007}
}

@incollection{agirre_making_2007,
	address = {Berlin},
	author = {Ide, Nancy and Wilks, Yorick},
	booktitle = {Word Sense Disambiguation. {{{A}}}lgorithms and Applications},
	editor = {Agirre, Eneko and Edmonds, Philip},
	number = {33},
	pages = {46--73},
	publisher = {Springer},
	shorttitle = {Making Sense About Sense},
	title = {Making Sense About Sense},
	volume = {Text, Speech and Language Technology},
	year = {2007}
}

@incollection{Spyns2013,
	address = {Heidelberg, New York, Dordrecht \& London},
	author = {Spyns, Peter},
	booktitle = {Essential Speech and Language Technology for {Dutch}. {{{R}}}esults by the {STEVIN} Programme}, editor = {Spyns,Peter and Odijk,{Jan}},
	editor = {\biberror{no editor}},
	pages = {1–17},
	publisher = {Springer},
	title = {Introduction},
	year = {2013}
}

@incollection{Rosch1978,
	address = {Hillsdale, N},
	author = {Rosch, Eleanor},
	booktitle = {Cognition and Categorization},
	editor = {Rosch,Eleanor and Lloyd, Barbara B.},
	pages = {27–48},
	publisher = {Erlbaum},
	title = {Principles of Categorization},
	year = {1978}
}

@incollection{Mauranen2004,
	address = {Amsterdam/Philadelphia},
	author = {Mauranen, Anna and Kujamäki, Pekka},
	booktitle = {Translation Universals: {{D}}o They Exist?},
	editor = {\biberror{no editor}},
	pages = {1–11},
	publisher = {John Benjamins},
	sortname = {Mauranen, Anna and Kujamaki, Pekka},
	title = {Introduction},
	year = {2004}
}

@incollection{Levy1989,
	address = {Finland},
	author = {Levý, Jiří},
	booktitle = {Readings in Translatin Theory},
	editor = {Chesterman, Andrew},
	pages = {99–104},
	publisher = {Oy Finn Lectura Ab.},
	sortname = {Levy, Jiri},
	title = {Translation as a Decision Process},
	year = {1989}
}

@incollection{Geeraerts2006,
	address = {Berlin \& New York},
	author = {Geeraerts, Dirk},
	booktitle = {Cognitive Linguistics. {{B}}asic Readings},
	editor = {Geeraerts,Dirk},
	pages = {141–165},
	publisher = {Mouton de Gruyter},
	title = {Prototype Theory. {{P}}rospects and Problems of Prototype Theory},
	year = {2006}
}

@incollection{DeSutterEtAl2012,
	address = {Amsterdam/Philadelphia},
	author = {De Sutter, Gert and Delaere, Isabelle and Plevoets, Koen},
	booktitle = {Quantitative Methods in Corpus-Based Translation Studies. {{A}} Practical Guide to Descriptive Translation Research},
	editor = {Oakes, Michael and Meng, Ji},
	pages = {325–345},
	publisher = {John Benjamins Publishing Company},
	title = {Lexical Lectometry in Corpus-Based Translation Studies. {{C}}ombining Profile-Based Correspondence Analysis and Logistic Regression Modeling},
	year = {2012}
}

@collection{rosch_cognition_1978,
	address = {Hillsdale N. J.},
	booktitle = {Cognition and Categorization},
	editor = {Rosch, Eleanor and Lloyd, Barbara Bloom},
	publisher = {Lawrence Erlbaum},
	shorttitle = {Cognition and Categorization},
	title = {Cognition and Categorization},
	year = {1978}
}

@collection{kipp_multimodal_2009,
	address = {Heidelberg},
	booktitle = {Multimodal Corpora. {{{F}}}rom Models of Natural Interaction to Systems and Applications},
	editor = {Kipp, Michael and Martin, Jean -Claude and Paggio, Patrizia and Heylen, Dirk},
	publisher = {Springer-Verlag Berlin},
	shorttitle = {Multimodal Corpora. From Models of Natural Interaction to Systems and Applications},
	title = {Multimodal Corpora. {{{F}}}rom Models of Natural Interaction to Systems and Applications},
	year = {2009}
}

@collection{de_sutter_empirical_2017,
	address = {Berlin \& New York},
	booktitle = {Empirical Translation Studies. {{{N}}}ew Methodological and Theoretical Traditions},
	editor = {De Sutter, Gert and Lefer, Marie-Aude and Delaere, Isabelle},
	publisher = {Mouton},
	shorttitle = {Empirical Translation Studies. New Methodological and Theoretical Traditions},
	title = {Empirical Translation Studies. {{{N}}}ew Methodological and Theoretical Traditions},
	year = {2017}
}

@collection{cook_effects_2003,
	address = {Clevedon},
	booktitle = {The effects of the second language on the first},
	editor = {Cook, Vivian},
	publisher = {Multilingual Matters},
	shorttitle = {The effects of the second language on the first},
	title = {The effects of the second language on the first},
	year = {2003}
}

@book{wilss_knowledge_1996,
	address = {Amsterdam},
	author = {Wilss, Wolfram},
	publisher = {John Benjamins},
	shorttitle = {Knowledge and skills in translator behaviour},
	title = {Knowledge and skills in translator behaviour},
	year = {1996}
}

@book{vinay_stylistique_1958,
	address = {Paris},
	author = {Vinay, Jean-Paul and Darbelnet, Jean},
	publisher = {Les Éditions Didier},
	shorttitle = {Stylistique comparée du français et de l'anglais.},
	title = {Stylistique comparée du français et de l'anglais.},
	year = {1958}
}

@book{van_dale_van_2015,
	address = {Utrecht},
	author = {Van Dale, J. H. and Den Boon, T. and Hendrickx, Ruud and Van der Sijs, N.},
	publisher = {Van Dale Uitgevers},
	title = {{Van} Dale Groot woordenboek van de {Nederlandse} taal (15e editie)},
	year = {2015}
}

@book{tyler_semantics_2003,
	address = {New York},
	author = {Tyler, Andrea and Evans, Vyvyan},
	publisher = {Cambridge University Press},
	shorttitle = {The Semantics of English Prepositions},
	title = {The Semantics of {English} Prepositions},
	year = {2003}
}

@book{trier_deutsche_1931,
	address = {Heidelberg},
	author = {Trier, Jost},
	publisher = {Winter},
	shorttitle = {Der deutsche Wortschatz im Sinnbezirk des Verstandes: {{{D}}}ie Geschichte eines sprachlichen Feldes {{{I}}}. Von den Anfängen bis zum Beginn des 12. Jhdts.},
	title = {Der deutsche {Wortschatz} im Sinnbezirk des Verstandes: {{{D}}}ie {Geschichte} eines sprachlichen Feldes {{{I}}}. {{{V}}}on den {Anfängen} bis zum Beginn des 12. {{{J}}}hdts.},
	year = {1931}
}

@book{toury_search_1980,
	address = {Tel Aviv},
	author = {Toury, Gideon},
	publisher = {The Porter Institute for Poetics and Semiotics},
	shorttitle = {In search of a theory of translation.},
	title = {In search of a theory of translation.},
	year = {1980}
}

@book{toury_descriptive_1995,
	address = {Amsterdam},
	author = {Toury, Gideon},
	publisher = {John Benjamins},
	shorttitle = {Descriptive Translation Studies and beyond.},
	title = {Descriptive Translation Studies and beyond.},
	year = {1995}
}

@book{tognini-bonelli_corpus_2001,
	address = {Amsterdam \& Philadelphia},
	author = {Tognini-Bonelli, Elena},
	isbn = {1-58811-061-3},
	publisher = {John Benjamins},
	shorttitle = {Corpus linguistics at work},
	title = {Corpus linguistics at work},
	volume = {6},
	year = {2001}
}

@book{tirkkonen-condit_tapping_2000,
	address = {Amsterdam},
	author = {Tirkkonen-Condit, Sonja and Jääskeläinen, Riitta},
	publisher = {Benjamins},
	shorttitle = {Tapping and Mapping the Processes of Translation and Interpreting. Outlooks on Empirical Research},
	sortname = {Tirkkonen-Condit, Sonja and Jaaskelainen, Riitta},
	title = {Tapping and Mapping the Processes of Translation and Interpreting. {{{O}}}utlooks on Empirical Research},
	year = {2000}
}

@book{teich_cross-linguistic_2003,
	address = {Berlin/New York},
	author = {Teich, Elke},
	publisher = {Mouton De Gruyter},
	shorttitle = {Cross-linguistic variation in system and text. A methodology for the investigation of translations and comparable texts.},
	title = {Cross-linguistic variation in system and text. {{{A}}} methodology for the investigation of translations and comparable texts.},
	year = {2003}
}

@book{taylor_linguistic_2003,
	address = {Oxford},
	author = {Taylor, John},
	publisher = {Oxford University Press},
	shorttitle = {Linguistic Categorization. Prototypes in Linguistic Theory},
	title = {Linguistic Categorization. {{{P}}}rototypes in Linguistic Theory},
	year = {2003}
}

@book{taylor_linguistic_1995,
	address = {Oxford},
	author = {Taylor, John},
	edition = {2},
	publisher = {Clarendon Press},
	shorttitle = {Linguistic categorization. Prototypes in linguistic theory},
	title = {Linguistic categorization. {{{P}}}rototypes in linguistic theory},
	year = {1995}
}

@book{taylor_linguistic_1989,
	address = {Oxford},
	author = {Taylor, John},
	publisher = {Clarendon Press},
	shorttitle = {Linguistic Categorization. Prototypes in Linguistic Theory},
	title = {Linguistic Categorization. {{{P}}}rototypes in Linguistic Theory},
	year = {1989}
}

@book{tan_introduction_2006,
	address = {Boston},
	author = {Tan, Pang-Ning and Steinbach, Michael and Kumar, Vipin},
	publisher = {Pearson Addison Wesley},
	shorttitle = {Introduction to Data Mining},
	title = {Introduction to Data Mining},
	year = {2006}
}

@book{tabakowska_cognitive_1993,
	address = {Tübingen},
	author = {Tabakowska, Elzbieta},
	publisher = {Gunter Narr},
	shorttitle = {Cognitive linguistics and poetics of translation},
	title = {Cognitive linguistics and poetics of translation},
	year = {1993}
}

@book{stubbs_text_1996,
	address = {Blackwell},
	author = {Stubbs, Michael},
	publisher = {Oxford and Cambridge Mass},
	shorttitle = {Text and Corpus Analysis.},
	title = {Text and Corpus Analysis.},
	year = {1996}
}

@book{smith_parameter_1997,
	address = {Dordrecht},
	author = {Smith, Carlota S.},
	edition = {2},
	publisher = {Kluwer Academic},
	shorttitle = {The Parameter of Aspect},
	title = {The Parameter of Aspect},
	year = {1997}
}

@book{sinclair_corpus_1991,
	address = {Oxford},
	author = {Sinclair, John},
	publisher = {Oxford University Press},
	shorttitle = {Corpus, Concordance, Collocation},
	title = {Corpus, Concordance, Collocation},
	year = {1991}
}

@book{simon-vandenbergen_semantic_2007,
	address = {Berlin},
	author = {Simon-Vandenbergen, Anne-Marie and Aijmer, Karin},
	publisher = {Mouton de Gruyter},
	shorttitle = {The Semantic Field of Modal Certainty : {{{A}}} Corpus-based Study of English Adverbs},
	title = {The Semantic Field of Modal Certainty : {{{A}}} Corpus-based Study of {English} Adverbs},
	year = {2007}
}

@book{schmid_cottage_1993,
	address = {Tübingen},
	author = {Schmid, Hans-Jörg},
	publisher = {Max Niemeyer},
	shorttitle = {Cottage and co., Idea, Start vs. Begin},
	sortname = {Schmid, Hans-Jorg},
	title = {Cottage and co., Idea, Start vs. {{{B}}}egin},
	year = {1993}
}

@book{risku_translatorische_1998,
	address = {Tübingen},
	author = {Risku, Hanna},
	publisher = {Stauffenburg},
	shorttitle = {Translatorische Kompetenz. Kognitive Grundlagen des Übersetzens als Expertentätigkeit},
	title = {Translatorische Kompetenz. {{{K}}}ognitive {Grundlagen} des Übersetzens als Expertentätigkeit},
	year = {1998}
}

@book{risku_translationsmanagement._2004,
	address = {Tübingen},
	author = {Risku, Hanna},
	publisher = {Narr},
	shorttitle = {Translationsmanagement. Interkulturelle Fachkommunikation im Informationszeitalter},
	title = {Translationsmanagement. {{{I}}}nterkulturelle Fachkommunikation im Informationszeitalter},
	year = {2004}
}

@book{reiss_grundlegung_1991,
	address = {Tübingen},
	author = {Reiss, Katarina and Vermeer, Hans},
	edition = {2},
	publisher = {Niemeyer},
	shorttitle = {Grundlegung einer allgemeinen Translationstheorie},
	title = {{Grundlegung} einer allgemeinen Translationstheorie},
	year = {1991}
}

@book{r_core_r:_2014,
	address = {Vienna},
	author = {R Core, Team},
	publisher = {\biberror{no publisher}},
	series = {R Foundation for Statistical Computing},
	shorttitle = {R: A language and environment for statistical computing},
	title = {R: {{{A}}} language and environment for statistical computing},
	url = {http://www.R-project.org/},
	year = {2014}
}

@book{quirk_comprehensive_1985,
	address = {London \& New York},
	author = {Quirk, Randolph and Greenbaum, Sidney and Leech, Geoffrey N. and Svartvik, Jan},
	publisher = {Longman},
	shorttitle = {A Comprehensive Grammar of English Language},
	title = {A Comprehensive Grammar of {English} Language},
	year = {1985}
}

@book{pulman_word_1983,
	address = {London},
	author = {Pulman, Stephen G.},
	publisher = {Croom Helm},
	shorttitle = {Word Meaning and Belief},
	title = {Word Meaning and Belief},
	year = {1983}
}

@book{partington_patterns_1998,
	address = {Amsterdam},
	author = {Partington, Alan},
	publisher = {John Benjamins},
	shorttitle = {Patterns and Meanings. Studies in Corpus Linguistics},
	title = {Patterns and Meanings. {{{S}}}tudies in Corpus Linguistics},
	volume = {2},
	year = {1998}
}

@book{paradis_neurolinguistic_2004,
	address = {Amsterdam \& Philadelphia},
	author = {Paradis, Michel},
	isbn = {90-272-8536-5},
	publisher = {John Benjamins},
	shorttitle = {A Neurolinguistic Theory of Bilingualism},
	title = {A Neurolinguistic Theory of Bilingualism},
	year = {2004}
}

@book{oakes_quantitative_2012,
	address = {Amsterdam \& Philadelphia},
	author = {Oakes, Michael and Ji, Meng},
	publisher = {John Benjamins},
	shorttitle = {Quantitative Methods in Corpus-Based Translation Studies. A Practical Guide to Descriptive Translation Research},
	title = {Quantitative Methods in Corpus-Based Translation Studies. {{{A}}} Practical Guide to Descriptive Translation Research},
	year = {2012}
}

@book{nord_translating_1997,
	address = {Manchester},
	author = {Nord, Christiane},
	publisher = {St. Jerome},
	shorttitle = {Translating as a purposeful activity: {{{F}}}unctionalist approaches explained.},
	title = {Translating as a purposeful activity: {{{F}}}unctionalist approaches explained.},
	year = {1997}
}

@book{nida_toward_1964,
	address = {Leiden},
	author = {Nida, Eugene},
	publisher = {E. J. Brill},
	shorttitle = {Toward a Science of Translating},
	title = {Toward a Science of Translating},
	year = {1964}
}

@book{nida_theory_1969,
	address = {Leiden},
	author = {Nida, Eugene A and Taber, Charles Russell},
	publisher = {Brill},
	shorttitle = {The theory and practice of translation},
	title = {The theory and practice of translation},
	year = {1969}
}

@book{murphy_big_2004,
	address = {\biberror{no address}},
	author = {Murphy, Gregory Leo},
	isbn = {0-262-13409-8},
	publisher = {\biberror{no publisher}},
	shorttitle = {The Big Book of Concepts},
	title = {The Big {Book} of Concepts},
	year = {2004}
}

@book{mcenery_corpus_2012,
	address = {Cambridge},
	author = {{McEnery}, Tony and Hardie, Andrew},
	publisher = {Cambridge University Press},
	shorttitle = {Corpus Linguistics},
	title = {Corpus Linguistics},
	year = {2012}
}

@book{manning_foundations_1999,
	address = {\biberror{no address}},
	author = {Manning, Christopher D. and Schütze, Hinrich},
	publisher = {{MIT} Press},
	shorttitle = {Foundations of statistical natural language processing},
	sortname = {Manning, Christopher D. and Schutze, Hinrich},
	title = {Foundations of statistical natural language processing},
	year = {1999}
}

@book{lebart_exploring_1998,
	address = {Dordrecht},
	author = {Lebart, Ludovic and Salem, André and Berry, Lisette},
	publisher = {Kluwer Academic Publishers},
	shorttitle = {Exploring textual data},
	sortname = {Lebart, Ludovic and Salem, Andre and Berry, Lisette},
	title = {Exploring textual data},
	year = {1998}
}

@book{laviosa_corpus-based_2002,
	address = {Amsterdam \& New York},
	author = {Laviosa, Sara},
	publisher = {Rodopi},
	shorttitle = {Corpus-based Translation Studies. Theory, Findings, Applications},
	title = {Corpus-based Translation Studies. {{{T}}}heory, Findings, Applications},
	year = {2002}
}

@book{langacker_foundations_1987,
	address = {Stanford, {CA}},
	author = {Langacker, Ronald},
	publisher = {Stanford University Press},
	shorttitle = {Foundations of Cognitive Grammar. Volume 1. Theoretical Prerequisites},
	title = {Foundations of Cognitive Grammar. {{{V}}}olume 1. {{{T}}}heoretical Prerequisites},
	year = {1987}
}

@book{langacker_cognitive_2008,
	address = {Oxford},
	author = {Langacker, Ronald},
	publisher = {Oxford University Press},
	shorttitle = {Cognitive Grammar. A Basic Introduction},
	title = {Cognitive Grammar. {{{A}}} Basic Introduction},
	year = {2008}
}

@book{lakoff_women_1987,
	address = {Chicago, {IL}},
	author = {Lakoff, George},
	publisher = {The University of Chicago Press},
	shorttitle = {Women, Fire and Dangerous Things},
	title = {Women, Fire and Dangerous Things},
	year = {1987}
}

@book{kussmaul_training_1995,
	address = {Amsterdam},
	author = {Kussmaul, Paul},
	publisher = {John Benjamins},
	shorttitle = {Training the translator},
	title = {Training the translator},
	year = {1995}
}

@book{krzeszowski_contrasting_1990,
	address = {Berlin},
	author = {Krzeszowski, Tomasz},
	isbn = {3-11-012133-6},
	publisher = {Walter de Gruyter},
	shorttitle = {Contrasting languages: {{{T}}}he scope of contrastive linguistics},
	title = {Contrasting languages: {{{T}}}he scope of contrastive linguistics},
	volume = {51},
	year = {1990}
}

@book{koller_einfuhrung_1979,
	address = {Heidelberg},
	author = {Koller, W},
	publisher = {Quelle and Meyer},
	shorttitle = {Einführung in die Übersetzungswissenschaft},
	title = {{Einführung} in die {Übersetzungswissenschaft}},
	year = {1979}
}

@book{kenny_lexis_2001,
	address = {\biberror{no address}},
	author = {Kenny, Dorothy},
	publisher = {St. Jerome Publishing},
	shorttitle = {Lexis and Creativity in Translation. A Corpus-based Study},
	title = {Lexis and Creativity in Translation. {{{A}}} Corpus-based Study},
	year = {2001}
}

@book{kaufman_finding_1990,
	address = {New York},
	author = {Kaufman, Leonard and Rousseeuw, Peter},
	publisher = {Wiley},
	shorttitle = {Finding groups in Data. An Introduction to Cluster Analysis},
	title = {Finding groups in Data. {{{A}}}n Introduction to Cluster Analysis},
	year = {1990}
}

@book{kaufman_clustering_1987,
	address = {Amsterdam},
	author = {Kaufman, Leonard and Rousseeuw, Peter},
	publisher = {North-Holland},
	shorttitle = {Clustering by means of medoids},
	title = {Clustering by means of medoids},
	year = {1987}
}

@book{kade_zufall_1968,
	address = {Leipzig},
	author = {Kade, Otto},
	number = {1},
	publisher = {{VEB} Enzyklopädie},
	series = {Beiheft zur Zeitschrift Fremdsprachen},
	title = {{Zufall} und Gesetzmäßigkeit in der Übersetzung},
	year = {1968}
}

@book{jarvis_crosslinguistic_2008,
	address = {New York},
	author = {Jarvis, Scott and Pavlenko, Aneta},
	publisher = {Routledge},
	shorttitle = {Crosslinguistic Influence in Language and Cognition},
	title = {Crosslinguistic Influence in Language and Cognition},
	year = {2008}
}

@book{house_translation_2016,
	address = {New York},
	author = {House, Juliane},
	publisher = {Routledge},
	shorttitle = {Translation as Communication across Languages and Cultures},
	title = {Translation as Communication across Languages and Cultures},
	year = {2016}
}

@book{house_translation_2015,
	address = {London \& New York},
	author = {House, Juliane},
	publisher = {Routledge},
	shorttitle = {Translation quality assessment. Past and Present.},
	title = {Translation quality assessment. {{{P}}}ast and Present.},
	year = {2015}
}

@book{haeseryn_algemene_2012,
	address = {\biberror{no address}},
	author = {Haeseryn, Walter},
	publisher = {\biberror{no publisher}},
	title = {Algemene {Nederlandse} Spraakkunst},
	url = {http://ans.ruhosting.nl/},
	year = {2012}
}

@book{gries_statistics_2013,
	address = {Berlin \& Boston},
	author = {Gries, Stefan Th.},
	edition = {2nd},
	publisher = {De Gruyter Mouton},
	shorttitle = {Statistics for Linguistics with R. A practical introduction},
	title = {Statistics for Linguistics with R. {{{A}}} practical introduction},
	year = {2013}
}

@book{greenacre_correspondence_2007,
	address = {Boca Raton},
	author = {Greenacre, Michael},
	publisher = {Chapman \& Hall/{CRC}},
	shorttitle = {Correspondence analysis in practice, Second edition.},
	title = {Correspondence analysis in practice, Second edition.},
	year = {2007}
}

@book{gilquin_corpus_2010,
	address = {Amsterdam \& Philadelphia},
	author = {Gilquin, Gaëtanelle},
	publisher = {John Benjamins},
	shorttitle = {Corpus, Cognition and Causative Constructions},
	sortname = {Gilquin, Gaetanelle},
	title = {Corpus, Cognition and Causative Constructions},
	year = {2010}
}

@book{geeraerts_words_2009,
	address = {Berlin},
	author = {Geeraerts, Dirk},
	publisher = {\biberror{no publisher}},
	title = {Words and other wonders. {{{P}}}apers on lexical and semantic topics},
	year = {2009}
}

@book{geeraerts_theories_2010,
	address = {Oxford},
	author = {Geeraerts, Dirk},
	publisher = {Oxford University Press},
	shorttitle = {Theories of Lexical Semantics},
	title = {Theories of Lexical Semantics},
	year = {2010}
}

@book{geeraerts_structure_1994,
	address = {Berlin},
	author = {Geeraerts, Dirk and Grondelaers, Stef and Bakema, Peter},
	publisher = {Mouton de Gruyter},
	shorttitle = {The Structure of Lexical Variation. Meaning, Naming, and Context},
	title = {The Structure of Lexical Variation. {{{M}}}eaning, Naming, and Context},
	year = {1994}
}

@book{frawley_translation:_1984,
	address = {Newark},
	author = {Frawley, William},
	publisher = {University of Delaware Press},
	shorttitle = {Translation: {{{L}}}iterary, linguistic and philosophical perspectives},
	title = {Translation: {{{L}}}iterary, linguistic and philosophical perspectives},
	year = {1984}
}

@book{everitt_cluster_2011,
	address = {Hoboken},
	author = {Everitt, Brian S. and Landau, Sabine and Leese, Morven and Stahl, Morven},
	edition = {5},
	publisher = {Wiley},
	shorttitle = {Cluster Analysis},
	title = {Cluster Analysis},
	year = {2011}
}

@book{ebeling_patterns_2013,
	address = {Amsterdam},
	author = {Ebeling, Jarle and Ebeling, Signe Oksefjell},
	isbn = {13880373 9789027203649},
	publisher = {Amsterdam : John Benjamins},
	shorttitle = {Patterns in contrast},
	title = {Patterns in contrast},
	url = {http://www.unicat.be/uniCat?func=search&query=sysid:516485},
	volume = {58},
	year = {2013}
}

@book{dubay_principles_2004,
	address = {Costa Mesa, {CA}},
	author = {{DuBay}, William H.},
	publisher = {Impact Information},
	shorttitle = {The principles of readability},
	title = {The principles of readability},
	year = {2004}
}

@book{divjak_structuring_2010,
	address = {Berlin},
	author = {Divjak, Dagmar},
	publisher = {De Gruyter Mouton},
	shorttitle = {Structuring the Lexicon. A Clustered Model for Near-Synonymy},
	title = {Structuring the Lexicon. {{{A}}} Clustered Model for Near-Synonymy},
	year = {2010}
}

@book{deignan_metaphor_2005,
	address = {Amsterdam},
	author = {Deignan, Alice},
	publisher = {Benjamins},
	shorttitle = {Metaphor and Corpus Linguistics},
	title = {Metaphor and Corpus Linguistics},
	year = {2005}
}

@book{catford_linguistic_1965,
	address = {London},
	author = {Catford, John Cunnison},
	file = {Catford. 1965. A linguistic theory of translation.pdf:C\:\\Users\\lmavdvoo\\AppData\\Roaming\\Zotero\\Zotero\\Profiles\\wa1qjn8x.default\\zotero\\storage\\A5I8GEQX\\Catford. 1965. A linguistic theory of translation.pdf:application/pdf},
	publisher = {Oxford University Press},
	shorttitle = {A Linguistic Theory of Translation. An Essay in Applied Linguistics},
	title = {A Linguistic Theory of Translation. {{{A}}}n Essay in Applied Linguistics},
	year = {1965}
}

@book{boase-beier_stylistic_2006,
	address = {Manchester},
	author = {Boase-Beier, Jean},
	publisher = {St Jerome Publishing},
	shorttitle = {Stylistic approaches to translation. Translation Theories Explored},
	title = {Stylistic approaches to translation. {{{T}}}ranslation Theories Explored},
	year = {2006}
}

@book{biber_longman_1999,
	address = {London},
	author = {Biber, Douglas and Johansson, Stig and Leech, Geoffrey N. and Conrad, Susan and Finegan, Edward},
	publisher = {Longman},
	shorttitle = {Longman grammar of spoken and written English},
	title = {Longman grammar of spoken and written {English}},
	year = {1999}
}

@book{baker_unit_2004,
	address = {London \& New York},
	author = {Laviosa-Braithwaite, Sarah},
	editorb = {Baker, Mona and Malmkjaer, Kirsten},
	editorbtype = {redactor},
	publisher = {Routledge},
	series = {Routledge Encyclopedia of Translation Studies},
	shorttitle = {Unit of Translation},
	title = {Unit of Translation},
	year = {2004}
}

@book{baker_other_1992,
	address = {London \& New York},
	author = {Baker, Mona},
	file = {Baker (1992) In other words. A coursebook on translation.pdf:C\:\\Users\\lmavdvoo\\AppData\\Roaming\\Zotero\\Zotero\\Profiles\\wa1qjn8x.default\\zotero\\storage\\CVNSKRSD\\Baker (1992) In other words. A coursebook on translation.pdf:application/pdf},
	publisher = {Routledge},
	shorttitle = {In Other Words. A Coursebook on Translation},
	title = {In Other Words. {{{A}}} Coursebook on Translation},
	year = {1992}
}

@book{baayen_analyzing_2008,
	address = {Cambridge},
	author = {Baayen, R. Harald},
	file = {Baayen - 2008 - Analyzing Linguistic Data. A Practical Introductio.pdf:C\:\\Users\\lmavdvoo\\AppData\\Roaming\\Zotero\\Zotero\\Profiles\\wa1qjn8x.default\\zotero\\storage\\KSPJK8WG\\Baayen - 2008 - Analyzing Linguistic Data. A Practical Introductio.pdf:application/pdf},
	publisher = {Cambridge University Press},
	shorttitle = {Analyzing Linguistic Data. {{{A}}} Practical Introduction to Statistics Using {{{R}}}},
	title = {Analyzing Linguistic Data. {{{A}}} Practical Introduction to Statistics Using {{{R}}}},
	year = {2008}
}

@book{anscombe_philosophical_1953,
	address = {London},
	author = {Wittgenstein, Ludwig},
	publisher = {Blackwell},
	shorttitle = {Philosophical Investigations},
	title = {Philosophical Investigations},
	translator = {Anscombe, G. E. M.},
	year = {1953}
}

@book{agirre_word_2007,
	address = {\biberror{no address}},
	author = {Agirre, Eneko and Edmonds, Philip Glenny},
	isbn = {1-4020-4808-4},
	publisher = {Kluwer Academic Publishers},
	shorttitle = {Word Sense Disambiguation; Algorithms and Applications},
	title = {Word Sense Disambiguation; Algorithms and Applications},
	year = {2007}
}

@book{Olohan2004,
	address = {London},
	author = {Olohan, Maeve},
	publisher = {Routledge},
	title = {Introducing Corpora in Translation Studies},
	year = {2004}
}

@book{HatimMunday2004,
	address = {\biberror{no address}},
	author = {Hatim, Basil, and Munday, Jeremy},
	publisher = {Psychology Press},
	title = {Translation: {{A}}n Advanced Resource {Book}},
	year = {2004}
}

@book{Divjak2010,
	address = {Berlin},
	author = {Divjak, Dagmar},
	publisher = {De Gruyter Mouton},
	title = {Structuring the Lexicon. {{A}} Clustered Model for Near-Synonymy}, address = {{Berlin}},
	year = {2010}
}

@book{DeSutterEtAl2017,
	address = {Berlin},
	author = {Sutter, Gert De and Lefer, Marie-Aude and Delaere, Isabelle},
	publisher = {Walter De Gruyter},
	title = {Empirical Translation Studies: {{N}}ew Methodological and Theoretical Traditions},
	year = {2017}
}

@article{zanettin_corpus_2013,
	author = {Zanettin, Federico},
	doi = {10.1016/j.sbspro.2013.10.618},
	file = {Zanettin (2013) Corpus Methods for Descriptive Translation Studies.pdf:C\:\\Users\\lmavdvoo\\AppData\\Roaming\\Zotero\\Zotero\\Profiles\\wa1qjn8x.default\\zotero\\storage\\TIJ2V7DI\\Zanettin (2013) Corpus Methods for Descriptive Translation Studies.pdf:application/pdf},
	journal = {\biberror{no journal}},
	journaltitle = {Procedia - Social and Behavioral Sciences},
	langid = {english},
	pages = {20--32},
	title = {Corpus Methods for Descriptive Translation Studies},
	url = {http://linkinghub.elsevier.com/retrieve/pii/S1877042813041384},
	urlyear = {2016-11-14},
	volume = {95},
	year = {2013-10}
}

@article{xiao_how_2010,
	author = {Xiao, Richard},
	doi = {10.1075/ijcl.15.1.01xia},
	file = {Xiao - 2010 - How different is translated Chinese from native Ch.pdf:C\:\\Users\\lmavdvoo\\AppData\\Roaming\\Zotero\\Zotero\\Profiles\\wa1qjn8x.default\\zotero\\storage\\28MFTJD7\\Xiao - 2010 - How different is translated Chinese from native Ch.pdf:application/pdf},
	journal = {\biberror{no journal}},
	journaltitle = {International Journal of Corpus Linguistics},
	langid = {english},
	number = {1},
	pages = {5--35},
	shorttitle = {How different is translated Chinese from native Chinese?},
	title = {How different is translated {{Chinese}} from native {{Chinese}}?: {{{A}}} corpus-based study of translation universals},
	url = {http://www.jbe-platform.com/content/journals/10.1075/ijcl.15.1.01xia},
	urlyear = {2016-11-14},
	volume = {15},
	year = {2010}
}

@article{vandeweghe_introduction:_2007,
	author = {Vandeweghe, Willy and Vandepitte, Sonia and Van de Velde, Marc},
	eprint = {27541866},
	journal = {\biberror{no journal}},
	journaltitle = {Belgian Journal of Linguistics},
	number = {1},
	pages = {1--10},
	shorttitle = {Introduction: {{{A}}} Linguistic 'Re-Turn' in Translation Studies?},
	title = {Introduction: {{{A}}} Linguistic 'Re-Turn' in Translation Studies?},
	url = {http://search.ebscohost.com/login.aspx?direct=true&db=ufh&AN=27541866&site=ehost-live},
	volume = {21},
	year = {2007}
}

@article{vandevoorde_corpus-based_2017,
	author = {Vandevoorde, Lore and Lefever, Els and Plevoets, Koen and De Sutter, Gert},
	doi = {10.1075/target.15009.van},
	file = {Snapshot:C\:\\Users\\lmavdvoo\\AppData\\Roaming\\Zotero\\Zotero\\Profiles\\wa1qjn8x.default\\zotero\\storage\\JDISRMQ9\\target.15009.html:text/html},
	journal = {\biberror{no journal}},
	journaltitle = {Target. International Journal of Translation Studies},
	langid = {english},
	number = {3},
	pages = {388--415},
	title = {A corpus-based study of semantic differences in translation. {{{T}}}he case of inchoativity in {Dutch}},
	url = {https://benjamins.com/online/target/articles/target.15009.van},
	urlyear = {2017-11-16},
	volume = {29},
	year = {2017}
}

@article{turney_frequency_2010,
	author = {Turney, Peter D and Pantel, Patrick},
	journal = {\biberror{no journal}},
	journaltitle = {Journal of artificial intelligence research},
	number = {1},
	pages = {141--188},
	shorttitle = {From frequency to meaning: {{{V}}}ector space models of semantics},
	title = {From frequency to meaning: {{{V}}}ector space models of semantics},
	volume = {37},
	year = {2010}
}

@article{suzuki_pvclust:_2006,
	author = {Suzuki, Ryota and Shimodaira, Hidetoshi},
	journal = {\biberror{no journal}},
	journaltitle = {Bioinformatics},
	number = {12},
	pages = {1540--1542},
	shorttitle = {Pvclust: {{{A}}}n {{{R}}} package for assessing the uncertainty in hierarchical clustering},
	title = {Pvclust: {{{A}}}n {{{R}}} package for assessing the uncertainty in hierarchical clustering},
	volume = {22},
	year = {2006}
}

@article{sun_measuring_2014,
	author = {Sun, Sanjun and Shreve, Gregory M.},
	journal = {\biberror{no journal}},
	journaltitle = {Target},
	number = {1},
	pages = {98--127},
	shorttitle = {Measuring translation difficulty. An empirical study},
	title = {Measuring translation difficulty. {{{A}}}n empirical study},
	volume = {26},
	year = {2014}
}

@article{speece_cluster_1994,
	author = {Speece, Deborah L.},
	journal = {\biberror{no journal}},
	journaltitle = {Exceptionality},
	number = {1},
	pages = {31--44},
	shorttitle = {Cluster analysis in perspective},
	title = {Cluster analysis in perspective},
	volume = {5},
	year = {1994}
}

@article{spalatin_contrastive_1967,
	author = {Spalatin, Leonardo},
	journal = {\biberror{no journal}},
	journaltitle = {Studia Romanica et Anglica Zagrabiensia},
	pages = {29--45},
	shorttitle = {Contrastive Methods},
	title = {Contrastive Methods},
	volume = {23},
	year = {1967}
}

@article{snell-hornby_whats_2007,
	author = {Snell-Hornby, Mary},
	file = {Snell-Hornby 2007 What's in a name. on metalinguistic confusion in translation studies.pdf:C\:\\Users\\lmavdvoo\\AppData\\Roaming\\Zotero\\Zotero\\Profiles\\wa1qjn8x.default\\zotero\\storage\\P7MIVJZ4\\Snell-Hornby 2007 What's in a name. on metalinguistic confusion in translation studies.pdf:application/pdf},
	journal = {\biberror{no journal}},
	journaltitle = {Target. International Journal of Translation Studies},
	number = {2},
	pages = {313--325},
	title = {What's in a name? {{{O}}}n metalinguistic confusion in Translation Studies},
	urlyear = {2017-08-22},
	volume = {19},
	year = {2007}
}

@article{sinclair_search_1996,
	author = {Sinclair, John},
	journal = {\biberror{no journal}},
	journaltitle = {Textus},
	pages = {75--106},
	shorttitle = {The Search for Units of Meaning},
	title = {The Search for Units of Meaning},
	volume = {{IX}},
	year = {1996}
}

@article{simon-vandenbergen_expectation_2002-2003,
	author = {Simon-Vandenbergen, Anne-Marie and Aijmer, Karin},
	journal = {Languages in Contrast},
	number = {1},
	pages = {13--43},
	title = {The expectation marker of course in a cross-linguistic perspective},
	volume = {4},
	year = {2002}
}

@article{simon-vandenbergen_expectation_2002,
	author = {Simon-Vandenbergen, Anne-Marie and Aijmer, Karin},
	journal = {\biberror{no journal}},
	journaltitle = {Languages in Contrast},
	number = {1},
	pages = {13--43},
	shorttitle = {The expectation marker of course in a cross-linguistic perspective},
	title = {The expectation marker of course in a cross-linguistic perspective},
	volume = {4},
	year = {2002}
}

@article{simon-vandenbergen_english_2013,
	author = {Simon-Vandenbergen, Anne-Marie},
	journal = {\biberror{no journal}},
	journaltitle = {Advances in Corpus-Based Contrastive Linguistics: {{{S}}}tudies in Honour of Stig Johansson},
	pages = {83},
	shorttitle = {English adverbs of essence and their equivalents in Dutch and French},
	title = {{English} adverbs of essence and their equivalents in {Dutch} and {French}},
	volume = {54},
	year = {2013}
}

@article{schepens_cross-language_2013,
	author = {Schepens, Job and Dijkstra, Ton and Grootjen, Franc and van Heuven, Walter J. B.},
	booktitle = {Cross-Language Distributions of High Frequency and Phonetically Similar Cognates},
	doi = {10.1371/journal.pone.0063006},
	editor = {Paterson, Kevin},
	file = {Schepens e.a. - 2013 - Cross-Language Distributions of High Frequency and.pdf:C\:\\Users\\lmavdvoo\\AppData\\Roaming\\Zotero\\Zotero\\Profiles\\wa1qjn8x.default\\zotero\\storage\\7US346VU\\Schepens e.a. - 2013 - Cross-Language Distributions of High Frequency and.pdf:application/pdf},
	journal = {\biberror{no journal}},
	journaltitle = {{PLoS} {ONE}},
	langid = {english},
	number = {5},
	pages = {e63006},
	title = {Cross-Language Distributions of High Frequency and Phonetically Similar Cognates},
	url = {http://dx.plos.org/10.1371/journal.pone.0063006},
	urlyear = {2016-11-16},
	volume = {8},
	year = {2013-05-10}
}

@article{sandra_network_1995,
	author = {Sandra, Dominiek and Rice, Sally},
	journal = {\biberror{no journal}},
	journaltitle = {Cognitive Linguistics},
	number = {1},
	pages = {89--130},
	shorttitle = {Network analyses of prepositional meaning. Mirroring whose mind - the linguist's or the language user's?},
	title = {Network analyses of prepositional meaning. {{{M}}}irroring whose mind - the linguist's or the language user's?},
	volume = {6},
	year = {1995}
}

@article{rosch_family_1975,
	author = {Rosch, Eleanor and Mervis, Carolyn},
	journal = {\biberror{no journal}},
	journaltitle = {Cognitive Psychology},
	pages = {573--605},
	shorttitle = {Family resemblances: {{{S}}}tudies in the internal structure of categories},
	title = {Family resemblances: {{{S}}}tudies in the internal structure of categories},
	volume = {7},
	year = {1975}
}

@article{rosch_cognitive_1975,
	author = {Rosch, Eleanor},
	journal = {\biberror{no journal}},
	journaltitle = {Journal of Experimental Psychology},
	pages = {192--233},
	shorttitle = {Cognitive representations of semantic categories},
	title = {Cognitive representations of semantic categories},
	volume = {104},
	year = {1975}
}

@article{risku_situatedness_2002,
	author = {Risku, Hanna},
	journal = {\biberror{no journal}},
	journaltitle = {Cognitive Systems Research},
	pages = {523--533},
	shorttitle = {Situatedness in Translation Studies},
	title = {Situatedness in Translation Studies},
	volume = {3},
	year = {2002}
}

@article{pym_natural_2007,
	author = {Pym, Anthony},
	journal = {\biberror{no journal}},
	journaltitle = {Target},
	number = {2},
	pages = {271--294},
	shorttitle = {Natural and directional equivalence in theories of translation},
	title = {Natural and directional equivalence in theories of translation},
	volume = {19},
	year = {2007}
}

@article{peirsman_automatic_2010,
	author = {Peirsman, Yves and Geeraerts, Dirk and Speelman, Dirk},
	journal = {\biberror{no journal}},
	journaltitle = {Journal of Natural Language Engineering},
	number = {4},
	pages = {469--491},
	shorttitle = {The Automatic Identification of Lexical Variation between Language Varieties},
	title = {The Automatic Identification of Lexical Variation between Language Varieties},
	volume = {16},
	year = {2010}
}

@article{paradis_language_1980,
	author = {Paradis, Michel},
	journal = {\biberror{no journal}},
	journaltitle = {{LACUS} Forum},
	pages = {420--431},
	shorttitle = {Language and thought in bilinguals},
	title = {Language and thought in bilinguals},
	volume = {6},
	year = {1980}
}

@article{overas_search_1998,
	author = {Øverås, Linn},
	journal = {\biberror{no journal}},
	journaltitle = {Meta},
	number = {4},
	pages = {557--570},
	shorttitle = {In search of the third code. An investigation of norms in literary translation.},
	sortname = {Overas, Linn},
	title = {In search of the third code. {{{A}}}n investigation of norms in literary translation.},
	volume = {43},
	year = {1998}
}

@article{olohan_reporting_2000,
	author = {Olohan, Maeve and Baker, Mona},
	file = {Olohan en Baker - 2000 - Reporting that in translated English. Evidence for.pdf:C\:\\Users\\lmavdvoo\\AppData\\Roaming\\Zotero\\Zotero\\Profiles\\wa1qjn8x.default\\zotero\\storage\\RDKTQQ3A\\Olohan en Baker - 2000 - Reporting that in translated English. Evidence for.pdf:application/pdf},
	journal = {\biberror{no journal}},
	journaltitle = {Across languages and cultures},
	number = {2},
	pages = {141--158},
	title = {Reporting that in translated {{{E}}nglish}. {{{{E}}}}vidence for subconscious processes of explicitation?},
	url = {http://akademiai.com/doi/abs/10.1556/Acr.1.2000.2.1},
	urlyear = {2017-06-29},
	volume = {1},
	year = {2000}
}

@article{olohan_how_2003,
	author = {Olohan, Maeve},
	journal = {\biberror{no journal}},
	journaltitle = {Target},
	number = {1},
	pages = {59--89},
	shorttitle = {How frequent are the contractions? A study of contracted forms in the Translational English Corpus.},
	title = {How frequent are the contractions? {{{A}}} study of contracted forms in the Translational {English} Corpus.},
	volume = {15},
	year = {2003}
}

@article{noel_translations_2003,
	author = {Noël, Dirk},
	file = {Noël, Dirk (2003). Translations as evidence for semantics. an illustration.pdf:C\:\\Users\\lmavdvoo\\AppData\\Roaming\\Zotero\\Zotero\\Profiles\\wa1qjn8x.default\\zotero\\storage\\8F7V2CRI\\Noël, Dirk (2003). Translations as evidence for semantics. an illustration.pdf:application/pdf},
	journal = {\biberror{no journal}},
	journaltitle = {Linguistics},
	number = {4},
	pages = {757--785},
	shorttitle = {Translations as evidence for semantics: {{{A}}}n illustration},
	sortname = {Noel, Dirk},
	title = {Translations as evidence for semantics: {{{A}}}n illustration},
	volume = {41},
	year = {2003}
}

@article{mutesayire_apposition_2004,
	author = {Mutesayire, Martha},
	journal = {\biberror{no journal}},
	journaltitle = {Language Matters: {{{S}}}tudies in the Lnaguages of Africa},
	number = {1},
	pages = {54--69},
	shorttitle = {Apposition markers and explicitation. A corpus-based study},
	title = {Apposition markers and explicitation. {{{A}}} corpus-based study},
	volume = {35},
	year = {2004}
}

@article{mortier_semantic_2010,
	author = {Mortier, Liesbeth},
	doi = {10.1515/flin.2010.015},
	eprint = {55678893},
	journal = {\biberror{no journal}},
	journaltitle = {Folia Linguistica},
	number = {2},
	pages = {401--438},
	shorttitle = {The semantic field of continuation: {{{P}}}eriphrastic blijven and continuer à},
	title = {The semantic field of continuation: {{{P}}}eriphrastic blijven and continuer à},
	url = {http://search.ebscohost.com/login.aspx?direct=true&db=afh&AN=55678893&site=ehost-live},
	volume = {44},
	year = {2010}
}

@article{mortier_adversative_2009,
	author = {Mortier, Liesbeth and Degand, Liesbeth},
	doi = {10.1075/ijcl.14.3.03mor},
	eprint = {43795472},
	journal = {\biberror{no journal}},
	journaltitle = {International Journal of Corpus Linguistics},
	number = {3},
	pages = {338--366},
	shorttitle = {Adversative discourse markers in contrast: {{{T}}}he need for a combined corpus approach},
	title = {Adversative discourse markers in contrast: {{{T}}}he need for a combined corpus approach},
	url = {http://search.ebscohost.com/login.aspx?direct=true&db=aph&AN=43795472&site=ehost-live},
	volume = {14},
	year = {2009}
}

@article{macken_dutch_2011,
	author = {Macken, Lieve and De Clercq, Orphée and Paulussen, Hans},
	journal = {\biberror{no journal}},
	journaltitle = {Meta},
	number = {2},
	pages = {374--390},
	shorttitle = {Dutch Parallel Corpus: {{{A}}} Balanced Copyright-Cleared Parallel Corpus},
	sortname = {Macken, Lieve and De Clercq, Orphee and Paulussen, Hans},
	title = {{Dutch} Parallel Corpus: {{{A}}} Balanced Copyright-Cleared Parallel Corpus},
	volume = {56},
	year = {2011}
}

@article{laviosa_core_1998,
	author = {Laviosa, Sara},
	journal = {\biberror{no journal}},
	journaltitle = {Meta},
	pages = {557--570},
	shorttitle = {Core patterns of lexical use in a comparable corpus of English narrative prose},
	title = {Core patterns of lexical use in a comparable corpus of {English} narrative prose},
	volume = {43},
	year = {1998}
}

@article{landauer_solution_1997,
	author = {Landauer, Thomas and Dumais, Susan},
	journal = {\biberror{no journal}},
	journaltitle = {Psychological Review},
	number = {2},
	pages = {211--240},
	shorttitle = {A Solution to Plato's Problem: {{{T}}}he Latent Semantic Analysis Theory of Acquisition, Induction and Representation of Knowledge},
	title = {A Solution to Plato's Problem: {{{T}}}he Latent Semantic Analysis Theory of Acquisition, Induction and Representation of Knowledge},
	volume = {104},
	year = {1997}
}

@article{kruger_register_2012,
	author = {Kruger, Haidee and Van Rooy, Bertus},
	file = {Kruger & Van Rooy 2012 Register and the features of translated language_read.pdf:C\:\\Users\\lmavdvoo\\AppData\\Roaming\\Zotero\\Zotero\\Profiles\\wa1qjn8x.default\\zotero\\storage\\BRVD32U4\\Kruger & Van Rooy 2012 Register and the features of translated language_read.pdf:application/pdf},
	journal = {\biberror{no journal}},
	journaltitle = {Across Languages and Cultures},
	number = {1},
	pages = {33--65},
	shorttitle = {Register and the features of translated language},
	title = {Register and the features of translated language},
	volume = {13},
	year = {2012}
}

@article{kruger_register_2012,
	author = {Kruger, Haidee and Van Rooy, Bertus},
	file = {Kruger & Van Rooy 2012 Register and the features of translated language_read.pdf:C\:\\Users\\lmavdvoo\\AppData\\Roaming\\Zotero\\Zotero\\Profiles\\wa1qjn8x.default\\zotero\\storage\\BRVD32U4\\Kruger & Van Rooy 2012 Register and the features of translated language_read.pdf:application/pdf},
	journal = {\biberror{no journal}},
	journaltitle = {Across Languages and Cultures},
	number = {1},
	pages = {33--65},
	shorttitle = {Register and the features of translated language},
	title = {Register and the features of translated language},
	volume = {13},
	year = {2012}
}

@article{kruger_corpus-based_2012,
	author = {Kruger, Haidee},
	journal = {\biberror{no journal}},
	journaltitle = {Target},
	number = {2},
	pages = {355--388},
	shorttitle = {A corpus-based study of the mediation effect in translated and edited language},
	title = {A corpus-based study of the mediation effect in translated and edited language},
	volume = {24},
	year = {2012}
}

@article{kroll_revised_2010,
	author = {Kroll, Judith F. and van Hell, Janet G. and Tokowicz, Natasha and Green, David W.},
	journal = {\biberror{no journal}},
	journaltitle = {Bilingualism: {{{L}}}anguage and Cognition},
	number = {3},
	pages = {373--381},
	shorttitle = {The Revised Hierarchical Model. A critical review and assessment},
	title = {The Revised Hierarchical Model. {{{A}}} critical review and assessment},
	volume = {13},
	year = {2010}
}

@article{kroll_category_1994,
	author = {Kroll, Judith F. and Stewart, Erika},
	journal = {\biberror{no journal}},
	journaltitle = {Journal of Memory and Language},
	pages = {149--174},
	shorttitle = {Category interference in translation and picture naming. Evidence for asymmetric connections between bilingual memory representations.},
	title = {Category interference in translation and picture naming. {{{{E}}}}vidence for asymmetric connections between bilingual memory representations.},
	volume = {33},
	year = {1994}
}

@article{korning_zethsen_corpus-based_2008,
	author = {Korning Zethsen, Karen},
	journal = {\biberror{no journal}},
	journaltitle = {Linguistica Antverpiensia, New Series - Themes in Translation Studies},
	number = {7},
	pages = {249--262},
	shorttitle = {Corpus-based cognitive semantics: {{{E}}}xtended units of meaning and their implications for Translation Studies},
	title = {Corpus-based cognitive semantics: {{{{E}}}}xtended units of meaning and their implications for Translation Studies},
	volume = {2008},
	year = {2008}
}

@article{kolers_bilingualism_1968,
	author = {Kolers, Paul A.},
	issue = {March},
	journal = {\biberror{no journal}},
	journaltitle = {Scientific American},
	pages = {78--86},
	shorttitle = {Bilingualism and information processing},
	title = {Bilingualism and information processing},
	volume = {218},
	year = {1968}
}

@article{ivir_translation-based_1983,
	author = {Ivir, Vladimir},
	journal = {\biberror{no journal}},
	journaltitle = {Jyväskylä Cross-Language Studies},
	pages = {171--178},
	shorttitle = {A Translation-based Model of Contrastive Analysis},
	title = {A Translation-based Model of Contrastive Analysis},
	volume = {9},
	year = {1983}
}

@article{ivir_remarks_1970,
	author = {Ivir, Vladimir},
	journal = {\biberror{no journal}},
	journaltitle = {Yugoslav Serbo-Croatian – English Contrastive Project, Studies},
	pages = {14--26},
	shorttitle = {Remarks on Contrastive Analysis and Translation},
	title = {Remarks on Contrastive Analysis and Translation},
	volume = {2},
	year = {1970}
}

@article{ivir_formal_1981,
	author = {Ivir, Vladimir},
	journal = {\biberror{no journal}},
	journaltitle = {Poetics Today},
	number = {4},
	pages = {51--59},
	shorttitle = {Formal Correspondence vs. Translation Equivalence Revisited},
	title = {Formal Correspondence vs. {{{T}}}ranslation Equivalence Revisited},
	url = {http://www.jstor.org/stable/1772485},
	urlyear = {2015-05-02},
	volume = {2},
	year = {1981}
}

@article{ivir_contrasting_1969,
	author = {Ivir, Vladimir},
	journal = {\biberror{no journal}},
	journaltitle = {Yugoslav Serbo-Croatian – English Contrastive Project, Studies},
	pages = {13--25},
	shorttitle = {Contrasting via Translation: {{{F}}}ormal Correspondence vs. Translation Equivalence},
	title = {Contrasting via Translation: {{{F}}}ormal Correspondence vs. {{{T}}}ranslation Equivalence},
	volume = {1},
	year = {1969}
}

@article{house_towards_2013,
	author = {House, Juliane},
	journal = {\biberror{no journal}},
	journaltitle = {Target},
	number = {1},
	pages = {46--59},
	shorttitle = {Towards a new linguistic-cognitive orientation in translation studies},
	title = {Towards a new linguistic-cognitive orientation in translation studies},
	volume = {25},
	year = {2013}
}

@article{harris_distributional_1954,
	author = {Harris, Zellig Sabbettai},
	journal = {\biberror{no journal}},
	journaltitle = {Word},
	pages = {146--162},
	shorttitle = {Distributional structure},
	title = {Distributional structure},
	volume = {10},
	year = {1954}
}

@article{hardie_two_2010,
	author = {Hardie, Andrew and {McEnery}, Tony},
	journal = {\biberror{no journal}},
	journaltitle = {International Journal of Corpus Linguistics},
	number = {3},
	pages = {384--394},
	shorttitle = {On two traditions in corpus linguistics, and what they have in common},
	title = {On two traditions in corpus linguistics, and what they have in common},
	volume = {15},
	year = {2010}
}

@article{halverson_concept_1997,
	author = {Halverson, Sandra L},
	journal = {\biberror{no journal}},
	journaltitle = {Target},
	number = {2},
	pages = {207--233},
	shorttitle = {The concept of equivalence in translation studies: {{{M}}}uch ado about something},
	title = {The concept of equivalence in translation studies: {{{M}}}uch ado about something},
	volume = {9},
	year = {1997}
}

@article{halverson_cognitive_2003,
	author = {Halverson, Sandra},
	journal = {\biberror{no journal}},
	journaltitle = {Target},
	number = {2},
	pages = {197--241},
	shorttitle = {The Cognitive Basis of Translation Universals},
	title = {The Cognitive Basis of Translation Universals},
	volume = {15},
	year = {2003}
}

@article{gries_corpus_2010,
	author = {Gries, Stefan},
	journal = {\biberror{no journal}},
	journaltitle = {International Journal of Corpus Linguistics},
	number = {3},
	pages = {327--343},
	shorttitle = {Corpus Linguistics and Theoretical Linguistics. A Love-Hate Relationship? Not necesarily...},
	title = {Corpus Linguistics and Theoretical Linguistics. {{{A}}} Love-Hate Relationship? {{{N}}}ot necesarily...},
	volume = {15},
	year = {2010}
}

@article{gries_behavioral_2010,
	author = {Gries, Stefan and Otani, Naoki},
	journal = {\biberror{no journal}},
	journaltitle = {{ICAME} Journal},
	pages = {121--150},
	shorttitle = {Behavioral Profiles. A Corpus-based Perspective on Synonymy and Antonymy},
	title = {Behavioral Profiles. {{{A}}} Corpus-based Perspective on Synonymy and Antonymy},
	volume = {34},
	year = {2010}
}

@article{gilquin_place_2006,
	author = {Gilquin, Gaëtanelle and {others}},
	file = {Gilquin 2006 place of prototypicality in corpus linguistics.pdf:C\:\\Users\\lmavdvoo\\AppData\\Roaming\\Zotero\\Zotero\\Profiles\\wa1qjn8x.default\\zotero\\storage\\DHCTR4VP\\Gilquin 2006 place of prototypicality in corpus linguistics.pdf:application/pdf},
	journal = {\biberror{no journal}},
	journaltitle = {Corpora in cognitive linguistics: {{{C}}}orpus-based approaches to syntax and lexis},
	pages = {159--191},
	shorttitle = {The place of prototypicality in corpus linguistics},
	sortname = {Gilquin, Gaetanelle and {others}},
	title = {The place of prototypicality in corpus linguistics: {{{C}}}ausation in the hot seat},
	url = {http://books.google.com/books?hl=en&lr=&id=ntVkQ4BnGhEC&oi=fnd&pg=PA159&dq=%22such+as+He+makes+me+laugh+or+I+had+my+watch+repaired)%22+%22notion+of+prototypicality+originated+from+the+field+of+psychology,+mainly+in%22+%22features.+They+are+acquired+earlier+by+children,+tend+to+be+produced%22+&ots=hY3390sFsB&sig=xNPJaaC6VkKzjPrFzqRiUHea9qY},
	urlyear = {2016-12-15},
	volume = {\biberror{no volume}},
	year = {2006}
}

@article{geeraerts_preponderantieverschillen_1985,
	author = {Geeraerts, Dirk},
	journal = {\biberror{no journal}},
	journaltitle = {De nieuwe taalgids},
	pages = {18--27},
	shorttitle = {Preponderantieverschillen bij bijna-synoniemen},
	title = {Preponderantieverschillen bij bijna-synoniemen},
	volume = {78},
	year = {1985}
}

@article{geeraerts_homonymy_1990,
	author = {Geeraerts, Dirk},
	journal = {\biberror{no journal}},
	journaltitle = {Belgian Journal of Linguistics},
	pages = {49--74},
	shorttitle = {Homonymy, Iconicity, and Prototypicality},
	title = {Homonymy, Iconicity, and Prototypicality},
	volume = {5},
	year = {1990}
}

@article{filipovic_choice_1969,
	author = {Filipovic, Rudolf},
	journal = {\biberror{no journal}},
	journaltitle = {Yugoslav Serbo-Croatian – English Contrastive Project, Studies 1},
	pages = {37--46},
	shorttitle = {The choice of the corpus for a contrastive analysis of Serbo-Croatian and English},
	title = {The choice of the corpus for a contrastive analysis of Serbo-{Croatian} and {English}},
	volume = {1},
	year = {1969}
}

@article{elden_computing_2013,
	author = {Eldén, Lars and Merkel, Magnus and Ahrenberg, Lars and Fagerlund, Martin},
	doi = {10.1007/s11786-013-0159-4},
	file = {Elden, Merkel, Ahrenberg, Fagerlund. Computing semantic clusters by semantic mirroring.pdf:C\:\\Users\\lmavdvoo\\AppData\\Roaming\\Zotero\\Zotero\\Profiles\\wa1qjn8x.default\\zotero\\storage\\RKZ4ZEC3\\Elden, Merkel, Ahrenberg, Fagerlund. Computing semantic clusters by semantic mirroring.pdf:application/pdf},
	journal = {\biberror{no journal}},
	journaltitle = {Mathematics in Computer Science},
	langid = {english},
	number = {3},
	pages = {293--313},
	sortname = {Elden, Lars and Merkel, Magnus and Ahrenberg, Lars and Fagerlund, Martin},
	title = {Computing Semantic Clusters by Semantic Mirroring and Spectral {Graph} Partitioning},
	url = {http://link.springer.com/10.1007/s11786-013-0159-4},
	urlyear = {2016-12-15},
	volume = {7},
	year = {2013-09}
}

@article{dyvik_semantic_2011,
	author = {Dyvik, Helge},
	journal = {\biberror{no journal}},
	shorttitle = {Semantic Mirrors},
	title = {Semantic Mirrors},
	url = {http://clara.b.uib.no/files/2011/06/semmirrors.pdf},
	volume = {\biberror{no volume}},
	year = {2011}
}

@article{divjak_ways_2006,
	author = {Divjak, Dagmar and Gries, Stefan},
	journal = {\biberror{no journal}},
	journaltitle = {Corpus Linguistics and Linguistic Theory},
	number = {1},
	pages = {23--60},
	shorttitle = {Ways of Trying in Russian. Clustering Behavioral Profiles},
	title = {Ways of Trying in {Russian}. {{{C}}}lustering Behavioral Profiles},
	volume = {2},
	year = {2006}
}

@article{divjak_clusters_2008,
	author = {Divjak, Dagmar and Gries, Stefan},
	journal = {\biberror{no journal}},
	journaltitle = {The Mental Lexicon},
	number = {2},
	pages = {188--213},
	shorttitle = {Clusters in the Mind? Converging Evidence from near Synonymy in Russian},
	title = {Clusters in the Mind? {{{C}}}onverging Evidence from near Synonymy in {Russian}},
	volume = {3},
	year = {2008}
}

@article{delaere_is_2012,
	author = {Delaere, Isabelle and De Sutter, Gert and Plevoets, Koen},
	file = {Delaere, I., De Sutter, G. & K. Plevoets (2012). Is translated language more standardized than non-translated language..pdf:C\:\\Users\\lmavdvoo\\AppData\\Roaming\\Zotero\\Zotero\\Profiles\\wa1qjn8x.default\\zotero\\storage\\46B9VCBB\\Delaere, I., De Sutter, G. & K. Plevoets (2012). Is translated language more standardized than non-translated language..pdf:application/pdf},
	journal = {\biberror{no journal}},
	journaltitle = {Target. International Journal of Translation Studies.},
	number = {2},
	pages = {203--224},
	shorttitle = {Is translated language more standardized than non-translated language? Using profile-based correspondence analysis for measuring linguistic distances between language varieties.},
	title = {Is translated language more standardized than non-translated language? {{{{U}}}}sing profile-based correspondence analysis for measuring linguistic distances between language varieties.},
	volume = {24},
	year = {2012}
}

@article{de_groot_language_2006,
	author = {De Groot, Annette M. B. and Christoffels, Ingrid K.},
	file = {De groot & Christoffels 2006 language control in bilinguals.pdf:C\:\\Users\\lmavdvoo\\AppData\\Roaming\\Zotero\\Zotero\\Profiles\\wa1qjn8x.default\\zotero\\storage\\87MPCXEA\\De groot & Christoffels 2006 language control in bilinguals.pdf:application/pdf;De groot & Christoffels 2006 language control in bilinguals.pdf:C\:\\Users\\lmavdvoo\\AppData\\Roaming\\Zotero\\Zotero\\Profiles\\wa1qjn8x.default\\zotero\\storage\\MS8SCH4H\\De groot & Christoffels 2006 language control in bilinguals.pdf:application/pdf},
	journal = {\biberror{no journal}},
	journaltitle = {Bilingualism: {{{L}}}anguage and Cognition},
	number = {2},
	pages = {189--201},
	shorttitle = {Language Control in Bilinguals. Monolingual tasks and simultaneous interpreting},
	title = {Language Control in Bilinguals. {{{M}}}onolingual tasks and simultaneous interpreting},
	volume = {9},
	year = {2006}
}

@article{costa_lexical_2000,
	author = {Costa, Albert and Colomé, Angels and Caramazza, Alfonso},
	journal = {\biberror{no journal}},
	journaltitle = {Psicológica},
	pages = {403--437},
	shorttitle = {Lexical access in speech production. The bilingual case},
	sortname = {Costa, Albert and Colome, Angels and Caramazza, Alfonso},
	title = {Lexical access in speech production. {{{T}}}he bilingual case},
	volume = {21},
	year = {2000}
}

@article{clercq_using_2014,
	author = {Clercq, Orphée De and Hoste, Véronique and Desmet, Bart and Oosten, Philip Van and Cock, Martine De and Macken, Lieve},
	doi = {10.1017/S1351324912000344},
	file = {Snapshot:C\:\\Users\\lmavdvoo\\AppData\\Roaming\\Zotero\\Zotero\\Profiles\\wa1qjn8x.default\\zotero\\storage\\U8K9WKRU\\285BBFFC56E4FA8300F7371D760E1F79.html:text/html},
	journal = {\biberror{no journal}},
	journaltitle = {Natural Language Engineering},
	langid = {english},
	number = {3},
	pages = {293--325},
	sortname = {Clercq, Orphee De and Hoste, Veronique and Desmet, Bart and Oosten, Philip Van and Cock, Martine De and Macken, Lieve},
	title = {Using the crowd for readability prediction},
	url = {https://www.cambridge.org/core/journals/natural-language-engineering/article/using-the-crowd-for-readability-prediction/285BBFFC56E4FA8300F7371D760E1F79},
	urlyear = {2018-07-16},
	volume = {20},
	year = {2014}
}

@article{ciampi_correspondence_2005,
	author = {Ciampi, Antonio and González Marcos, Ana and Castejón Limas, Manuel},
	journal = {\biberror{no journal}},
	journaltitle = {{SORT}},
	number = {1},
	pages = {27--42},
	shorttitle = {Correspondence analysis and two-way clustering},
	sortname = {Ciampi, Antonio and Gonzalez Marcos, Ana and Castejon Limas, Manuel},
	title = {Correspondence analysis and two-way clustering},
	volume = {29},
	year = {2005}
}

@article{carletta_assessing_1996,
	author = {Carletta, Jean},
	journal = {\biberror{no journal}},
	journaltitle = {Computational Linguistics},
	number = {1},
	pages = {249--254},
	shorttitle = {Assessing agreement on classification tasks: {{{T}}}he Kappa statistic},
	title = {Assessing agreement on classification tasks: {{{T}}}he {Kappa} statistic},
	volume = {22},
	year = {1996}
}

@article{carl_triangulating_2010,
	author = {Carl, Michael},
	journal = {\biberror{no journal}},
	journaltitle = {Copenhagen studies in language},
	pages = {225--247},
	shorttitle = {Triangulating product and process data: {{{Q}}}uantifying alignment units with keystroke data},
	title = {Triangulating product and process data: {{{Q}}}uantifying alignment units with keystroke data},
	volume = {38},
	year = {2010}
}

@article{brysbaert_is_2010,
	author = {Brysbaert, Marc and Duyck, Wouter},
	file = {Brysbaert & Duyck (2010) Is it time to leave behind the Revised Hierarchical Model of bilingual language processing.pdf:C\:\\Users\\lmavdvoo\\AppData\\Roaming\\Zotero\\Zotero\\Profiles\\wa1qjn8x.default\\zotero\\storage\\6XWJ4XSV\\Brysbaert & Duyck (2010) Is it time to leave behind the Revised Hierarchical Model of bilingual language processing.pdf:application/pdf},
	journal = {\biberror{no journal}},
	journaltitle = {Bilingualism: {{{L}}}anguage and Cognition},
	number = {3},
	pages = {359--371},
	shorttitle = {Is it time to leave behind the Revised Hierarchical Model of bilingual language processing after fifteen years of service?},
	title = {Is it time to leave behind the Revised Hierarchical Model of bilingual language processing after fifteen years of service?},
	volume = {13},
	year = {2010}
}

@article{bernardini_practice_2011,
	author = {Bernardini, Silvia and Ferraresi, Adriano},
	doi = {10.7202/1006174ar},
	file = {Bernardini en Ferraresi - 2011 - Practice, Description and Theory Come Together – N.pdf:C\:\\Users\\lmavdvoo\\AppData\\Roaming\\Zotero\\Zotero\\Profiles\\wa1qjn8x.default\\zotero\\storage\\IHHGV5SE\\Bernardini en Ferraresi - 2011 - Practice, Description and Theory Come Together – N.pdf:application/pdf},
	journal = {\biberror{no journal}},
	journaltitle = {Meta: {{{J}}}ournal des traducteurs},
	langid = {french},
	number = {2},
	pages = {226},
	title = {Practice, Description and Theory Come Together – Normalization or Interference in {Italian} Technical Translation?},
	url = {http://id.erudit.org/iderudit/1006174ar},
	urlyear = {2016-12-15},
	volume = {56},
	year = {2011}
}

@article{becher_abandoning_2010,
	author = {Becher, Victor},
	journal = {\biberror{no journal}},
	journaltitle = {Across Languages and Cultures},
	number = {1},
	pages = {1--28},
	shorttitle = {Abandoning the notion of "translation-inherten" explicitation. Against a dogma of translation studies.},
	title = {Abandoning the notion of "translation-inherten" explicitation. {{{A}}}gainst a dogma of translation studies.},
	volume = {11},
	year = {2010}
}

@article{baker_role_1999,
	author = {Baker, Mona},
	journal = {\biberror{no journal}},
	journaltitle = {International Journal of Corpus Linguistics},
	number = {2},
	pages = {281--298},
	shorttitle = {The Role of Corpora in Investigating the Linguistic Behaviour of Professional Translators},
	title = {The Role of Corpora in Investigating the Linguistic Behaviour of Professional Translators},
	volume = {4},
	year = {1999}
}

@article{baker_corpus-based_2004,
	author = {Baker, Mona},
	file = {Baker (2004) a corpus-based view of similarity and difference in translation.pdf:C\:\\Users\\lmavdvoo\\AppData\\Roaming\\Zotero\\Zotero\\Profiles\\wa1qjn8x.default\\zotero\\storage\\R8SIVK39\\Baker (2004) a corpus-based view of similarity and difference in translation.pdf:application/pdf},
	journal = {\biberror{no journal}},
	journaltitle = {International Journal of Corpus Linguistics},
	number = {2},
	pages = {167--193},
	shorttitle = {A corpus-based view of similarity and difference in translation},
	title = {A corpus-based view of similarity and difference in translation},
	volume = {9},
	year = {2004}
}

@article{baker_corpora_1995,
	author = {Baker, Mona},
	file = {Baker (1995) corpora in translation studies - an overview and some suggestions for future research.pdf:C\:\\Users\\lmavdvoo\\AppData\\Roaming\\Zotero\\Zotero\\Profiles\\wa1qjn8x.default\\zotero\\storage\\4F97ARNW\\Baker (1995) corpora in translation studies - an overview and some suggestions for future research.pdf:application/pdf},
	journal = {\biberror{no journal}},
	journaltitle = {Target},
	number = {2},
	pages = {223--243},
	shorttitle = {Corpora in Translation Studies: {{{A}}}n overview and Some Suggestions for Future Research},
	title = {Corpora in Translation Studies: {{{A}}}n overview and Some Suggestions for Future Research},
	volume = {7},
	year = {1995}
}

@article{arppe_cognitive_2010,
	author = {Arppe, Antti and Gilquin, Gaëtanelle and Glynn, Dylan and Hilpert, Martin and Zeschel, Arne},
	file = {Arppe e.a. - 2010 - Cognitive corpus linguistics Five points of debat.pdf:C\:\\Users\\lmavdvoo\\AppData\\Roaming\\Zotero\\Zotero\\Profiles\\wa1qjn8x.default\\zotero\\storage\\CRIKTXZN\\Arppe e.a. - 2010 - Cognitive corpus linguistics Five points of debat.pdf:application/pdf},
	journal = {\biberror{no journal}},
	journaltitle = {Corpora},
	number = {1},
	pages = {1--27},
	shorttitle = {Cognitive corpus linguistics},
	sortname = {Arppe, Antti and Gilquin, Gaetanelle and Glynn, Dylan and Hilpert, Martin and Zeschel, Arne},
	title = {Cognitive corpus linguistics: {{{F}}}ive points of debate on current theory and methodology},
	url = {http://www.euppublishing.com/doi/abs/10.3366/cor.2010.0001},
	urlyear = {2016-12-15},
	volume = {5},
	year = {2010}
}

@article{anthony_critical_2013,
	author = {Anthony, Laurence},
	journal = {\biberror{no journal}},
	journaltitle = {Linguistic Research},
	number = {2},
	pages = {141--161},
	shorttitle = {A critical look at software tools in corpus linguistics},
	title = {A critical look at software tools in corpus linguistics},
	volume = {30},
	year = {2013}
}

@article{altenberg_correspondence_2007,
	author = {Altenberg, Bengt},
	file = {Altenberg 2007. The correspondence of resultive connectors in English.pdf:C\:\\Users\\lmavdvoo\\AppData\\Roaming\\Zotero\\Zotero\\Profiles\\wa1qjn8x.default\\zotero\\storage\\ZC58RUNF\\Altenberg 2007. The correspondence of resultive connectors in English.pdf:application/pdf},
	journal = {\biberror{no journal}},
	journaltitle = {Nordic Journal of English Studies},
	number = {1},
	title = {The correspondence of resultive connectors in {English}},
	url = {http://ub016045.ub.gu.se/ojs/index.php/njes/article/viewFile/11/14},
	urlyear = {2016-10-27},
	volume = {6},
	year = {2007}
}

@article{aijmer_model_2004,
	author = {Aijmer, Karin and Simon-Vandenbergen, Anne-Marie},
	doi = {10.1016/j.pragma.2004.05.005},
	eprint = {14103317},
	journal = {\biberror{no journal}},
	journaltitle = {Journal of Pragmatics},
	number = {10},
	pages = {1781--1806},
	shorttitle = {A model and a methodology for the study of pragmatic markers: {{{T}}}he semantic field of expectation},
	title = {A model and a methodology for the study of pragmatic markers: {{{T}}}he semantic field of expectation},
	url = {http://search.ebscohost.com/login.aspx?direct=true&db=aph&AN=14103317&site=ehost-live},
	volume = {36},
	year = {2004}
}

@article{aijmer_discourse_2003,
	author = {Aijmer, Karin and Simon-Vandenbergen, Anne-Marie},
	journal = {\biberror{no journal}},
	journaltitle = {Linguistics},
	number = {388},
	pages = {1123--1162},
	shorttitle = {The discourse particle well and its equivalents in Swedish and Dutch},
	title = {The discourse particle well and its equivalents in {Swedish} and {Dutch}},
	volume = {41.6},
	year = {2003}
}

@article{VandevoordeEtAl2017,
	author = {Vandevoorde, Lore and Lefever, Els and Plevoets, Koen and De Sutter, Gert},
	doi = {10.1075/target.15009.van},
	journal = {Target. {{I}}nternational Journal of Translation Studies},
	number = {3},
	pages = {388--415},
	title = {A corpus-based study of semantic differences in translation. {{T}}he case of inchoativity in {Dutch}},
	volume = {29},
	year = {\biberror{no year}}
}

@article{Kruger2012,
	author = {Kruger, Haidee},
	journal = {Target},
	number = {2},
	pages = {355–388},
	title = {A Corpus-Based Study of the Mediation Effect in Translated and Edited Language},
	volume = {24},
	year = {2012}
}

@article{Gries2006b,
	author = {Gries, Stefan Th.},
	journal = {Trends in Linguistics Studies and Monographs},
	pages = {57},
	title = {Corpus-Based Methods and Cognitive Semantics: {{T}}he Many Senses of to Run},
	volume = {172},
	year = {2006}
}

@article{Gries2006,
	author = {Gries, Stefan Th.},
	journal = {Trends in Linguistics Studies and Monographs},
	pages = {57},
	title = {Corpus-Based Methods and Cognitive Semantics: {{T}}he Many Senses of to Run},
	volume = {172},
	year = {2006}
}

@article{DelaereEtAl2012,
	author = {Delaere, Isabelle and De Sutter, Gert and Plevoets, Koen},
	journal = {Target. International Journal of Translation Studies},
	number = {2},
	pages = {203–-224},
	title = {Is Translated Language More Standardized than Non-Translated Language? {{{U}}}sing Profile-Based Correspondence Analysis for Measuring Linguistic Distances between Language Varieties},
	volume = {24},
	year = {2012}
}

@article{Costaetal2000,
	author = {Costa, Albert and Caramazza,Alfonso and Sebastian-Galles, Nuria},
	journal = {Journal of Experimental Psychology: Learning, Memory, and Cognition},
	number = {5},
	pages = {1283–96},
	title = {The Cognate Facilitation Effect: {{I}}mplications for Models of Lexical Access},
	volume = {26},
	year = {2000}
}